1651 2621
669 118 898 153 -14-

590 219 625 251 11.
655 221 696 251 De
719 220 829 252 saneta
848 219 983 259 Agatha.

671 286 719 317 Ad
740 287 896 325 Vesperas.

158 374 167 382 .
192 347 290 388 Yirgo
314 347 463 380 laudetur
487 348 612 387 Agatha
813 349 846 381 4.
872 346 1023 378 Laetetur
1047 346 1142 378 tellus
1168 344 1285 382 Sicula,

193 395 309 427 Mundi
335 394 455 426 eunetis·
479 394 512 425 in
536 394 689 434 terminis,
874 393 1070 426 Cataniensis
1094 393 1241 433 Agathae

196 443 282 482 Quae
305 443 407 480 stirpe
429 449 563 473 nascens
587 441 698 473 inclita
871 441 972 473 Laeta
997 441 1081 472 colat
1101 439 1263 477 solemnia,

195 489 289 522 Coelo
314 488 350 521 fit
376 497 504 521 consors
528 489 687 529 germinis,
872 489 958 528 Quae
989 489 1109 520 coetum
1134 486 1258 519 scandit
1282 484 1387 517 hodie.

159 571 166 578 .
194 546 285 578 Haec
307 545 418 577 mundi
441 553 594 585 spernens
615 545 756 585 germina
815 548 844 578 5.
867 545 978 578 Carnis
1004 545 1118 576 educta
1144 550 1271 576 carcere

193 593 353 625 Summam
377 592 532 631 quaesivit
556 593 699 633 gloriam,
875 592 962 624 Coeli
985 591 1100 623 transit
1126 591 1167 623 ad
1194 590 1322 623 curiam.

194 640 289 679 Cujus
314 642 416 672 mater
440 639 573 671 ecclesia
877 638 934 671 Cui
957 639 1100 671 Christus
1124 638 1158 669 in
1183 637 1311 670 aethere

193 688 275 720 Tota
301 687 375 720 colit
400 687 593 720 memoriam.
869 687 1042 718 Aeternam
1066 688 1207 726 praestat
1232 684 1374 724 gloriam.

158 772 165 779 .
191 745 254 776 Pro
281 744 405 777 Christo
430 743 511 775 mori
535 743 665 785 cupiens
815 746 846 777 6,
872 743 971 775 Triuo
995 741 1064 774 Deo
1089 742 1133 773 sit
1156 740 1251 773 hodie

191 792 305 825 Electa
328 791 390 823 Dei
415 789 543 830 famula,
870 789 966 830 Laus,
992 789 1102 821 honor.
1127 789 1239 820 virtus
1266 786 1377 827 gloria.

189 839 340 870 Fratrum
363 838 497 870 salutem
521 838 631 870 sitiens
872 838 956 875 Quae
980 845 1037 868 nos
1062 839 1196 876 precatu
1219 834 1364 875 Agathae

193 886 312 925 Magna
336 885 445 925 prodit
468 885 632 916 miracula.
874 884 961 917 Coeli
987 884 1082 915 ducat
1106 883 1147 914 ad
1173 882 1298 923 gaudia.

208 952 292 979 Brev.
315 949 623 978 Gallicano-Siculum
644 951 712 985 imp.
733 948 866 977 Venetiis
888 947 969 976 1527.

510 1069 550 1099 12.
577 1069 612 1100 In
633 1068 851 1100 'translatione
871 1076 894 1099 s.
915 1068 1067 1109 Agathae.

675 1136 722 1165 Ad
741 1135 896 1173 Vesperas.

157 1221 164 1228 .
192 1196 313 1232 Gaude.
339 1199 441 1227 mater
465 1196 608 1235 ecclesia,
814 1197 845 1229 3.
873 1196 897 1228 O
922 1197 1025 1228 mater
1047 1197 1157 1227 nostra
1180 1194 1302 1227 sedula.

193 1243 312 1275 Christi
336 1246 462 1275 sacrata
485 1251 625 1282 munere,
870 1243 1007 1283 Agatha,
1035 1242 1154 1275 Christi
1177 1241 1304 1279 famula,

192 1290 251 1328 Qui
274 1293 307 1321 te
330 1299 383 1322 sua
412 1290 578 1322 clementia
871 1291 958 1329 Quae
977 1290 1045 1329 Jam
1070 1298 1103 1321 es
1126 1292 1237 1321 nostra
1262 1288 1399 1320 domina.

189 1337 305 1369 Mortis
328 1337 465 1369 redemit
488 1337 627 1369 vulnere.
869 1337 944 1369 Tibi
967 1337 1066 1369 servit
1090 1337 1233 1369 Catania.

159 1420 165 1426 .
191 1394 241 1425 Tu
264 1394 376 1433 nitere,
404 1393 545 1435 Catauia,
812 1397 844 1428 4.
871 1394 956 1433 Quae
979 1392 1181 1432 profanatam
1207 1392 1372 1424 Graeciam

191 1441 319 1473 Laudes
343 1440 411 1473 Deo
438 1442 633 1484 depromere,
870 1442 1008 1481 Propter
1032 1450 1121 1472 suam
1145 1440 1318 1480 nequitiam

192 1488 251 1527 Qui
274 1488 421 1528 Agathae
445 1490 627 1528 praesentia
873 1488 1030 1528 Sprevisti
1055 1492 1086 1519 et
1113 1487 1276 1520 Catauiam

195 1535 257 1567 Suo
281 1538 315 1567 te
339 1537 455 1568 lustrat
477 1536 589 1569 latere.
872 1535 1046 1568 Illustrasti
1070 1544 1129 1575 per
1153 1535 1297 1576 gratiam.

471 1594 501 1626 5.
528 1593 625 1625 Trino
647 1592 716 1624 Deo
740 1592 783 1623 sit
802 1592 900 1624 hodie

527 1639 623 1677 Laus,
645 1640 755 1679 honor,
784 1640 896 1679 virtus,
922 1640 1034 1681 gloria,

531 1688 588 1727 Qui
612 1697 669 1719 nos
694 1690 827 1727 precatu
850 1687 997 1727 Agathae

530 1735 619 1768 Coeli
645 1735 739 1767 ducat
765 1735 807 1766 ad
832 1735 958 1775 gaudia.

207 1800 291 1827 Brev.
313 1800 622 1828 Gallicano-§iculum
641 1801 710 1835 imp.
731 1800 864 1827 Veneriis
886 1797 968 1827 1527.

502 1920 543 1951 13.
576 1921 612 1952 111
633 1920 854 1952 Translatione
873 1929 897 1951 s.
915 1921 1067 1961 Agathae.

659 1989 708 2018 Ad
728 1988 913 2019 Matutinum.

157 2071 165 2079 .
192 2048 269 2080 Cum
293 2047 392 2079 nobili
415 2048 556 2088 tripudio
814 2051 845 2082 3.
873 2050 959 2087 Quae
984 2058 1003 2079 a
1026 2047 1144 2079 finibus
1171 2047 1306 2079 Graciae

192 2094 314 2126 Psallat
334 2103 448 2126 sonora
474 2097 580 2127 concio
872 2095 987 2128 Sedem
1011 2095 1090 2135 legit
1115 2093 1276 2132 (jamniae,

191 2141 274 2174 Suae
294 2142 399 2172 colens
423 2142 558 2181 insignia
874 2143 999 2174 Cultum
1023 2150 1178 2181 spernens
1204 2140 1380 2181 Cycropiae

193 2187 393 2220 Festivitatis
418 2189 544 2228 gaudia,
874 2190 998 2228 Gentis,
1024 2198 1045 2222 a
1066 2188 1133 2220 fide
1157 2188 1280 2222 dariae.

160 2272 167 2278 .
192 2245 351 2277 Excelsae
378 2248 506 2277 nostrae
530 2246 662 2286 virginis
814 2249 846 2280 4.
874 2246 1000 2279 Relicta
1023 2245 1070 2276 sic
1093 2245 1250 2284 Byzantia

196 2292 295 2324 Carae
319 2291 387 2323 Deo
413 2295 444 2323 et
469 2294 604 2334 populis7
873 2293 990 2333 Magno
1021 2292 1131 2324 dolore
1156 2292 1267 2330 doluit,

195 2340 314 2371 Beatae
338 2339 449 2370 matris
472 2341 628 2380 Agathae,
875 2341 969 2372 Hanc
992 2340 1116 2378 recepit
1141 2339 1284 2379 (latmia,

193 2387 387 2426 Quiescentis
413 2386 573 2419 cataniae.
873 2386 940 2419 Ubi
962 2395 1092 2420 manere
1116 2387 1224 2419 voluit.
