1651 2621
735 140 992 176 -164-⁶

218 242 250 274 3.
276 240 336 279 Qui
359 237 518 280 gaudebat
545 238 725 277 relinquere

272 288 414 319 Terrena
436 294 517 316 cum
538 293 729 325 magnopere

273 335 316 367 Et
340 334 382 365 ad
408 330 534 365 coelica
557 332 711 364 scandere

281 381 478 414 Contistente
501 380 536 411 in
558 387 695 412 nemore.

218 438 250 471 4.
277 437 327 470 Ibi
352 444 461 469 sacrae
486 436 651 467 ecclesiam

277 484 477 524 Virginisque
501 483 666 515 basilicam

278 531 462 563 Consecrari
486 532 704 571 praeceperat,

274 578 327 610 Ad
352 586 444 617 quam
471 578 575 608 cuncti
600 579 820 612 convenerant.

894 238 925 270 5.
950 236 988 268 In
1013 243 1075 276 qua
1099 231 1166 272 ejus
1191 228 1414 270 corpusculum

950 281 1088 316 Mirifice
1110 278 1310 312 reconditum

951 331 1107 370 Moratur,
1132 325 1238 359 ferens
1264 323 1408 357 omnibus

951 378 1143 418 sospitatem
1166 373 1357 415 petentibus.

917 460 923 467 .
951 436 1020 468 Deo
1045 432 1131 473 patri
1155 439 1193 462 ac
1214 429 1281 462 filio

949 481 1096 520 Lausque
1119 478 1172 518 pio
1194 476 1360 517 paraclito,

949 526 1134 561 Dominanti
1156 525 1190 556 in
1214 524 1293 555 solio

949 577 986 608 In
1010 573 1208 607 saeculorum
1230 570 1367 603 saecula.

288 643 373 670 Brcv.
400 650 453 669 ms.
472 642 619 670 Minorum
645 650 720 669 saec.
744 640 786 669 15.
828 641 898 669 Cud.
918 640 1075 675 Angelieus
1095 638 1122 665 D
1141 637 1169 666 V
1190 634 1234 665 10.
1255 650 1292 655 -
1311 633 1345 670 4,
1366 632 1384 663 3
1405 634 1512 663 Conse-

218 681 306 708 crasti
325 682 520 716 praeceperat.

618 770 682 801 278.
712 770 755 801 De
776 770 883 802 sancto
904 769 1093 802 Leonhardo.

762 837 811 867 Ad
829 837 956 868 Laudes.

211 907 242 939 1.
268 905 378 938 Pande
402 913 515 944 magna
538 903 721 937 Leonhardi

315 952 445 983 urbibus
468 951 630 992 miracula,

270 999 398 1038 Praeco,
423 998 523 1029 multa
546 999 694 1037 sospitati

317 1046 424 1077 dedita
449 1045 636 1083 corpuscula

269 1093 361 1125 Omni
384 1091 494 1123 morbo
521 1092 693 1123 conterenti

310 1139 429 1179 ⁸*iugiter
452 1139 644 1179 languentia.

209 1198 239 1229 2.
264 1196 318 1228 Ad
343 1203 422 1236 quae
445 1193 531 1226 facta
556 1197 588 1226 et
610 1194 716 1227 fienda

313 1245 402 1274 tanta
425 1242 516 1281 plebs
542 1243 721 1282 accesserit,

268 1290 414 1330 Unquam
437 1298 534 1328 porro
557 1298 649 1321 nemo
673 1290 763 1322 illam

312 1337 468 1369 calculare
492 1337 604 1380 potuit,

264 1385 370 1424 Atque
393 1384 546 1423 templum
569 1393 629 1416 nec
653 1385 786 1417 eandem

310 1434 387 1463 tunc
411 1431 560 1470 amplecti
583 1432 695 1465 valuit.

207 1490 238 1521 3.
264 1487 336 1519 Hoc
358 1488 548 1527 respiciente
571 1488 639 1520 Deo

313 1536 417 1575 agitur
439 1535 636 1575 presbyteris

262 1582 349 1615 Mira
372 1582 451 1614 visio
475 1582 509 1613 in
532 1591 640 1614 somno

310 1633 419 1661 sancto
443 1630 561 1669 templo
584 1629 751 1669 stantibus,

267 1677 475 1709 Construatur
498 1679 534 1707 ut
558 1677 715 1716 extemplo

310 1723 464 1765 templum
488 1724 589 1763 maJus
613 1724 769 1765 gentibus.

205 1782 237 1815 4.
263 1781 307 1813 Et
329 1781 363 1812 in
386 1780 467 1812 illud
491 1783 748 1821 transportarent

310 1831 453 1860 sanctum
478 1829 544 1868 ers
569 1829 730 1861 vasculum

261 1877 368 1916 Atque
391 1876 476 1907 idem
502 1876 720 1909 collaudarent

311 1932 401 1956 sacro
425 1923 494 1955 loco
519 1925 666 1964 positum,

263 1970 322 2010 Qui
346 1973 510 2010 surgentes
536 1972 739 2012 divulgarunt

310 2017 457 2057 plebibus
483 2019 653 2053 oraculum.

887 907 920 939 5.
944 905 1141 947 Affligebant
1164 904 1312 936 triduano

992 952 1103 993 populi
1124 952 1245 991 jejunio

945 1000 987 1032 Se
1010 1001 1210 1040 praestantes
1235 1008 1348 1039 magno
1373 999 1441 1031 Deo

992 1048 1180 1079 holocausta
1207 1046 1338 1088 optimo,

944 1093 991 1126 Ut
1013 1093 1173 1133 pandetur
1196 1093 1285 1126 locus
1310 1101 1366 1126 suo

989 1141 1097 1180 palam
1122 1140 1272 1174 oratorio,

909 1220 915 1227 .
943 1196 1114 1229 Sacrificiis
1142 1196 1282 1235 peractis

992 1247 1024 1276 et
1048 1243 1244 1276 orationibus

945 1292 1054 1325 Solum
1078 1290 1167 1324 albet
1189 1291 1348 1323 universis

997 1339 1098 1372 niveis
1125 1338 1284 1371 coloribus

944 1386 1044 1419 Omne
1067 1386 1189 1420 visibus
1214 1386 1357 1426 exceptis

990 1435 1074 1467 sacri
1095 1434 1209 1473 templi
1236 1434 1394 1474 partibus,

908 1517 915 1524 .
942 1490 1089 1531 Spatioso
1113 1499 1205 1523 sacro
1230 1491 1350 1530 templo

990 1538 1155 1578 quadratis
1183 1538 1347 1578 lapidibus

941 1585 1146 1618 Notabilibus
1168 1585 1313 1626 perfecto

989 1632 1179 1665 translatum
1204 1633 1383 1665 hominibus

944 1680 1093 1713 Sanctum
1119 1681 1186 1720 ejus
1211 1690 1331 1721 vasque
1355 1682 1457 1714 nardo

992 1730 1151 1769 comptum
1173 1729 1377 1762 aromatibus.

910 1810 916 1817 .
943 1785 1033 1824 Quod
1060 1786 1133 1818 dum
1158 1795 1275 1826 magna
1300 1788 1332 1818 et
1355 1788 1471 1828 majori

988 1834 1127 1873 positum
1153 1834 1297 1875 ecclesia,

943 1881 1022 1913 Tam
1047 1880 1210 1922 profunda
1235 1882 1291 1914 dat
1315 1883 1464 1923 languori

993 1930 1118 1962 omnino
1144 1930 1310 1971 miracula,

943 1976 1034 2016 Quod
1059 1977 1165 2010 audiri
1188 1987 1292 2018 neque
1316 1977 1380 2010 fari

989 2025 1109 2064 poterit
1129 2034 1188 2065 per
1212 2028 1368 2066 tempora.

561 2077 592 2108 9.
619 2076 688 2108 Deo
713 2077 799 2109 orbis
826 2081 963 2111 creatori

669 2124 749 2164 laus,
777 2125 883 2166 decus,
907 2127 950 2158 sit
974 2129 1077 2168 gloria

622 2170 673 2201 Ac
698 2172 839 2210 ejusdem
863 2174 1062 2214 redemptori

669 2218 764 2257 pleno
788 2220 956 2260 sapientia,

624 2264 675 2296 Ab
700 2267 834 2305 utroque
857 2268 1046 2306 procedenti

670 2321 729 2351 per
753 2315 884 2345 aeterna
907 2314 1044 2348 saecula.

282 2372 368 2400 Brev.
389 2381 445 2417 rus.
464 2373 612 2402 Minorum
637 2385 711 2404 saec.
734 2375 778 2405 15.
818 2378 887 2405 God.
911 2378 1069 2414 Angelicus
1088 2379 1115 2407 D
1136 2381 1164 2409 V
1186 2381 1230 2412 10.
1253 2400 1290 2405 —
1312 2385 1343 2421 1,
1367 2385 1385 2416 3
1405 2390 1508 2418 morbo

209 2413 406 2447 compterenti.
425 2425 463 2429 —
481 2410 508 2447 7,
528 2410 548 2440 4
563 2414 730 2444 translatus.
750 2431 787 2435 —
807 2414 834 2451 7,
854 2414 871 2443 5
891 2423 1009 2452 naxque
1026 2417 1127 2448 nardo,
