1651 2621
703 106 936 141 ,50-

172 203 204 236 3.
230 200 420 234 Foedabant
443 200 530 234 foedi
555 201 684 234 barbari

233 249 353 289 Corpus
378 249 493 280 almum
518 249 727 289 seraphicum,

232 297 310 329 Cum
335 295 458 328 thecam
484 297 550 336 ejus
575 295 725 336 spureide

230 343 423 375 Tractabant
451 343 485 376 in
508 342 679 383 Hipponia.

172 402 204 435 4.
231 401 362 432 Tollunt
386 409 501 440 corpus
526 400 655 432 almifici

229 447 382 479 Ferentes
406 448 439 479 in
466 447 655 487 Sardiniam,

230 495 394 527 Sulcantes
419 496 521 527 noctis
546 496 649 534 spatio

228 543 296 575 Iter
319 542 462 574 bimestri
486 543 647 582 temporis.

851 203 882 235 5.
910 203 1118 235 sardin-enses
1143 202 1293 235 citissime

911 251 1086 282 Assumunt
1110 259 1223 292 corpus
1247 247 1461 289 splendidum,

910 298 1023 330 Plures
1048 301 1192 339 aegrotos
1217 297 1333 329 liberat

913 345 1083 385 Caecisque
1107 346 1208 378 visum
1233 344 1376 376 offerens,

880 429 886 434 .
913 401 1040 434 Clarum
1069 411 1184 442 corpus
1209 400 1379 433 almificum

911 448 1043 481 Fretum
1070 449 1175 481 divino
1200 457 1329 480 munere

911 497 949 528 In
976 496 1086 529 Castro
1113 497 1194 529 Caro
1219 496 1348 535 ponitur

913 543 1031 575 Cuncto
1052 542 1212 584 refulgens
1237 542 1368 574 aetheri.

457 601 488 633 7.
514 599 599 631 Laus
625 597 683 644 [sit.
706 598 809 644 plebs]
835 608 958 632 sursum
984 599 1117 633 offerens

514 647 578 679 Pro
603 656 659 679 suo
684 650 793 679 sancto
818 648 964 690 Domino,

513 694 560 727 Ut
583 703 640 726 nos
665 703 798 734 regnare
823 694 921 726 faeiat

513 740 590 772 Cum
615 742 735 773 sanctis
761 743 840 774 coeli
867 741 999 775 civibus.

246 806 328 833 Brev.
355 814 407 832 mr.
429 806 731 841 Romano-Angustia
760 815 834 834 saco.
858 804 900 833 15.
942 806 1011 834 cod.
1034 805 1125 842 Capit.
1146 807 1285 834 Patavini
1310 807 1336 834 A
1367 804 1412 834 64.
1437 822 1476 826 —

174 843 198 876 1,
219 841 237 869 2
255 845 361 871 Arcam
384 843 458 878 legis
489 859 510 862 —
547 842 572 876 2,
594 842 611 870 2
626 845 783 880 Depressu.
805 859 842 863 —
863 842 890 877 3,
912 842 930 871 2
943 843 1120 880 seraphicus.
1141 859 1177 863 -—
1192 843 1218 877 7,
1241 843 1255 871 1
1269 844 1350 872 Laus
1363 852 1476 871 sersum

170 881 300 909 offerens.
322 894 359 900 —
380 880 405 914 ’7,
427 881 445 907 2
464 882 520 909 Pro
545 882 689 909 seucando
710 882 876 910 Dominum.

619 1021 664 1051 78.
693 1020 737 1051 De
757 1021 863 1051 sancto
886 1020 1021 1051 Babilla.

170 1091 200 1123 1.
226 1089 372 1121 Babillae
396 1087 511 1121 festum
538 1090 642 1121 colere

229 1136 387 1169 Certantis
413 1146 471 1176 pro
498 1136 616 1170 Christi
640 1137 704 1168 fide

225 1184 292 1215 Nos
320 1185 411 1216 decet
435 1186 529 1224 atque
553 1193 692 1224 pangere

225 1232 387 1271 Hymnum
417 1231 508 1263 danti
531 1231 707 1264 victoriam.

169 1292 201 1322 2.
227 1287 440 1320 Adstantibus
465 1288 636 1327 alloquitur

225 1336 288 1368 Hie
313 1337 450 1375 sanctus,
482 1338 518 1367 ut
542 1335 678 1366 viriliter

225 1383 432 1422 Exspectent,
458 1382 532 1414 dum
555 1382 720 1414 resisteret

226 1429 426 1469 Tyrannioae
449 1429 611 1462 saevitiae.

168 1489 202 1521 3.
228 1487 352 1518 Bellum
378 1486 460 1525 gerit
483 1487 534 1517 vir
556 1486 696 1525 inclitus,

229 1535 343 1572 Stupet
364 1535 517 1571 tyrannus
542 1532 669 1575 impius,

224 1581 312 1613 Boiis
338 1581 370 1612 et.
395 1579 599 1619 compedibus

226 1629 324 1659 Artat.
347 1629 509 1667 pastorem
532 1627 654 1666 populi.

169 1687 201 1718 4.
227 1685 281 1717 Ira
305 1683 446 1724 repletus
473 1684 565 1715 citius

227 1732 399 1763 Doctorem
421 1730 564 1771 torqueri
585 1730 674 1770 jubet

225 1779 271 1811 Et
294 1778 391 1811 acciri
415 1778 563 1817 puerulos

228 1826 373 1858 Nutritos
399 1834 418 1856 a
441 1823 600 1865 pontifice.

851 1090 882 1122 5.
910 1089 1023 1122 Cassae
1046 1089 1104 1121 hos
1131 1089 1348 1121 crudelissime

911 1136 1127 1176 clamitantes,
1154 1146 1172 1168 o
1196 1136 1305 1177 impie,

910 1184 973 1216 Gur
991 1185 1135 1216 nostrum
1147 1186 1275 1223 torques
1292 1184 1477 1216 dominum?

909 1231 1063 1263 Gehenna
1092 1231 1177 1263 dona
1199 1233 1256 1262 tua
1278 1235 1362 1264 sunt.

875 1315 882 1321 .
908 1288 996 1320 Luce
1026 1288 1134 1319 divina
1158 1287 1304 1327 fruimur,

908 1335 990 1366 Nam
1021 1335 1102 1366 mori
1126 1335 1245 1367 mundo
1270 1337 1435 1379 malumus,

908 1382 1007 1421 Quam
1038 1382 1118 1413 coeli
1142 1383 1246 1414 Deum
1270 1383 1426 1424 linquere,

909 1430 1004 1468 Quem
1035 1438 1224 1461 veneramur
1249 1432 1378 1470 optime.

850 1487 880 1518 '.
907 1486 1036 1518 Auditis
1060 1495 1134 1517 nam
1158 1487 1208 1518 his
1233 1490 1387 1528 properat

908 1533 1026 1574 Lupus,
1053 1536 1179 1566 sanctos
1203 1537 1240 1565 ut
1263 1536 1401 1574 perimat

908 1580 953 1612 Et.
974 1580 1111 1620 protulit
1133 1582 1323 1613 sententiam

908 1628 1008 1659 Morti
1033 1628 1146 1660 adesse
1172 1629 1308 1664 deditos,

875 1710 882 1717 .
910 1684 974 1716 Sed
999 1688 1075 1716 tuno
1095 1685 1240 1719 Babillas
1264 1687 1377 1719 statuit

909 1731 1033 1764 Dextra.
1054 1730 1195 1765 infantes
1218 1733 1374 1775 laevaque

908 1779 953 1811 Et
976 1780 1039 1811 ait:
1067 1788 1141 1811 ecce
1161 1782 1262 1821 pueri,

907 1826 990 1865 Quos
1015 1826 1093 1858 mihi
1120 1828 1208 1860 dedit
1233 1829 1398 1866 Dominus,

612 1883 643 1915 9.
671 1881 782 1914 Gloria
805 1882 875 1922 tibi,
903 1882 1050 1916 Domine.

243 1949 328 1975 Brev.
349 1947 575 1975 Ambrosianum
594 1948 663 1983 imp.
683 1946 844 1974 Mediolani
867 1944 948 1975 1490.
968 1964 1006 1968 —
1029 1947 1053 1981 1,
1075 1951 1093 1976 ’Δ
1114 1950 1186 1978 Cum
1205 1953 1306 1980 tantis.

625 2086 672 2117 79.
703 2084 739 2116 111
760 2087 863 2117 sancti
882 2086 1021 2118 Barbati.

659 2161 708 2192 Ad
729 2162 817 2201 Vesp.
841 2166 870 2193 et.
888 2163 982 2193 Laud.

390 2233 420 2265 1.
445 2233 624 2273 Pangamus
648 2232 769 2271 pariter
795 2232 937 2264 carmina.
960 2234 1116 2276 cantibus,

442 2278 586 2319 Fratres,
612 2289 696 2311 nuno
720 2279 867 2323 Domino,
894 2281 1031 2314 omnium
1057 2283 1189 2326 arbitro,

446 2326 559 2359 Coetus
584 2326 737 2360 aetherici
763 2336 882 2367 organa
909 2330 1084 2371 concinant,

445 2375 547 2408 Voces
571 2374 755 2408 harmoniae
780 2375 887 2408 sidera
912 2377 1089 2411 verberent.
