1651 2621
652 201 713 232 122.
744 201 785 232 De
809 200 922 231 saneta
942 199 1043 231 Clara.

727 268 762 298 In
783 267 800 295 2
821 266 970 307 Vesperis.

188 335 220 369 1.
247 335 428 376 Exsultate,
452 336 598 376 jubilate,

297 383 453 423 Pauperis
476 385 589 416 matris
612 383 710 424 filiae,

250 429 461 473 convocatae,
488 434 700 473 congregatae

284 479 314 511 A
347 479 456 512 solis
479 482 602 512 ortus
628 479 819 514 cardine.

191 537 223 569 2.
250 536 302 568 Ex
326 536 463 569 novellis
487 538 551 570 tuis
578 537 677 578 celliS‚

297 583 349 616 De
373 585 574 625 paupertatis
600 594 727 618 camera

249 631 391 673 Dempta
414 632 493 673 solo,
520 634 597 665 data
620 634 695 673 polo

295 679 402 720 Lux,
450 688 567 721 ecee,
609 681 752 721 surgit

562 738 581 760 a
589 737 610 760 u
620 738 635 759 r
645 736 663 759 e
672 738 700 761 a.

190 785 221 818 3.
248 784 298 816 Tu
323 784 435 825 electa,
461 785 654 825 praeelecta,

296 832 396 871 Quam
421 832 483 864 sibi
510 841 646 872 sponsus
672 834 811 873 copulat,

251 880 399 919 Regnans
425 880 531 923 Clara,
558 880 615 912 ubi
640 881 729 912 clara

298 929 470 960 Aurora
493 928 609 960 lueis
633 928 805 962 rutilat.

194 986 224 1018 4.
250 984 300 1018 Tu
327 985 412 1017 oliva
435 985 609 1025 primitiva,

298 1031 430 1064 Gemma
442 1033 618 1073 primarum
632 1040 819 1073 pauperum,

245 1080 347 1120 Quam
372 1080 519 1119 honoras,
544 1089 638 1121 quam
663 1081 795 1112 decoras

299 1127 406 1169 Jesu,
441 1137 583 1160 corona
613 1128 816 1168 virginum.

879 338 909 371 5.
936 337 1022 370 Laus
1047 343 1079 370 et
1103 340 1205 371 honor
1232 338 1303 377 tibi,
1330 346 1430 379 soror,

984 386 1084 425 Quam
1107 387 1174 425 jam
1194 386 1305 418 ditasti
1321 394 1505 426 pauperem.

939 433 1036 474 Cujus
1062 434 1163 474 dotes,
1190 433 1278 474 cujus
1301 436 1403 466 sortes

984 481 1096 514 Urbs
1112 481 1133 513 b
1145 481 1504 513 eataJerusalem.

879 539 911 572 6.
939 539 1065 578 Pauper
1088 538 1179 570 miles
1206 539 1267 570 oito
1295 539 1393 579 dives,

986 585 1045 618 Cui
1071 587 1185 618 dantur
1210 586 1380 629 stipendia,

938 634 1001 666 Pro
1024 636 1152 666 servata
1171 632 1237 665 fide
1262 634 1339 666 <lata

986 681 1179 713 Aeterna
1218 681 1387 714 Christi
1422 690 1503 712 mu-

1279 737 1390 760 nera

881 786 912 819 7.
939 786 1093 828 introisti,
1119 794 1238 826 sponsa
1261 785 1391 826 Christi,

986 834 1025 866 111
1050 833 1180 866 coelesti
1203 832 1335 873 palatio,

940 880 1004 913 Ubi
1029 881 1120 923 vivis,
1147 889 1220 920 spes
1246 880 1392 923 captivis,

988 929 1094 969 Jesu,
1120 930 1257 960 nostra
1280 929 1506 968 redemptio.

883 986 914 1019 8.
937 985 1021 1028 Tibi,
1050 985 1185 1027 Christe,
1211 985 1323 1017 laudes
1348 985 1438 1024 istae,

987 1031 1085 1064 Pater
1111 1036 1143 1064 et
1166 1032 1267 1064 frater
1295 1032 1442 1072 hominis,

938 1080 1080 1113 Verbum
1104 1081 1217 1120 patris,
1244 1088 1319 1111 earo
1343 1081 1467 1121 matris,

986 1127 1150 1161 Consors
1167 1128 1322 1167 paterni
1339 1128 1505 1161 luminis,

266 1194 354 1222 BreV.
381 1202 434 1222 ms.
454 1194 683 1222 Franciseanum
709 1202 784 1222 saec.
807 1191 851 1221 14.
893 1193 961 1222 Cod.
982 1194 1167 1222 Ambrosian.
1193 1194 1218 1222 Y
1245 1192 1262 1222 9
1283 1202 1346 1230 sup.
1373 1209 1411 1214 —-
1431 1193 1462 1226 5,
1492 1192 1507 1221 1

191 1234 220 1260 et
240 1232 323 1261 fehlt.
347 1247 383 1252 --
405 1230 432 1266 5,
453 1231 472 1260 2
492 1233 573 1266 Quas
589 1233 652 1268 jam
670 1232 767 1260 <licam
787 1240 939 1269 pauperes.
958 1247 997 1252 —
1018 1231 1044 1266 7,
1066 1230 1084 1260 3
1105 1231 1167 1260 Ubi
1186 1232 1273 1261 divis.

629 1324 692 1356 123.
723 1324 766 1356 De
786 1324 894 1356 saneto
916 1323 1080 1356 Clemente.

688 1392 738 1422 Ad
756 1392 847 1429 Vesp.
869 1395 899 1422 et
916 1392 1011 1422 Laud.

194 1464 224 1497 1.
252 1463 388 1496 Sanctus
415 1462 571 1504 Clemens,
599 1463 697 1495 saecli
720 1460 806 1494 fluxa

296 1510 534 1552 parvipendens
559 1511 687 1550 gaudia,

250 1559 437 1592 sanctitatis
461 1557 658 1591 indefessum

295 1606 484 1647 possidebat
508 1606 664 1650 meritum,

250 1657 366 1695 Jugum
394 1654 512 1687 Christi
537 1653 644 1687 ferens
669 1662 805 1695 semper,

299 1703 388 1742 cujus
414 1710 492 1735 onus
517 1702 588 1735 leve
614 1706 670 1735 est.

880 1464 911 1496 2.
939 1462 1026 1494 Nutu
1057 1461 1129 1494 divo
1156 1470 1225 1492 cum
1251 1461 1412 1494 Romanus

987 1508 1077 1541 fieret
1099 1518 1296 1548 oeconomus,

940 1557 1101 1598 Vigilabat
1126 1558 1167 1589 ad
1193 1557 1370 1597 augendum

986 1613 1113 1646 gregem
1139 1604 1201 1636 sibi
1228 1605 1394 1645 creditum,

940 1653 1152 1686 conservator
1176 1652 1363 1693 animarum,

985 1703 1175 1741 procurator
1201 1709 1378 1741 corporum.

594 1762 625 1793 3.
654 1758 766 1792 Gloria
791 1763 823 1791 et
847 1760 949 1792 honor
973 1758 1051 1791 Deo.

269 1826 355 1854 Brev.
386 1835 440 1852 mu.
462 1825 630 1854 Galatiense
649 1833 726 1853 saec.
750 1823 795 1853 15.
837 1824 906 1852 cod.
926 1825 1060 1852 Vatioau.
1084 1822 1167 1853 6548.
1208 1824 1298 1852 Diese
1318 1824 1510 1852 Han‹ls<·ln·1tt

192 1866 233 1893 ist
253 1865 319 1892 eine
340 1864 432 1899 Copie
450 1864 500 1891 des
524 1862 567 1890 17.
589 1864 658 1891 oder
680 1861 723 1891 18.
744 1863 848 1892 Jahrh.
888 1864 949 1891 Das
971 1863 1223 1898 Originalbrevier
1243 1863 1332 1897 muss,
1354 1863 1392 1890 da
1423 1871 1442 1890 us
1463 1862 1509 1890 dic

191 1902 416 1938 Heimsuchung
438 1902 559 1934 euthfflt,
579 1901 644 1929 dem
669 1899 712 1929 15.
732 1902 836 1930 Jahrh.
857 1901 1002 1937 angehtirt
1022 1901 1127 1929 haben.

628 1992 693 2024 124.
723 1993 767 2025 De
787 1994 895 2025 sancto
919 1992 1085 2025 Clemente.

192 2069 222 2102 1.
251 2067 366 2101 Cantet
392 2065 566 2100 Clementis
593 2065 745 2105 martyris

249 2115 393 2149 Virtutes
419 2116 452 2146 et
475 2113 635 2154 magnalia

249 2164 295 2196 Et
319 2163 387 2202 ejus
412 2161 528 2194 festum
556 2161 698 2194 celebret

252 2211 371 2244 Sancta
393 2212 498 2243 mater
524 2209 668 2244 ecclesia.

192 2271 225 2302 2.
252 2269 349 2301 Ortus
377 2267 417 2300 de
440 2268 543 2306 stirpe
563 2267 676 2308 nobili,

252 2316 415 2348 Romanae
441 2314 519 2346 civis
545 2316 681 2358 patriae,

253 2363 384 2397 culmen
412 2361 514 2396 factus
539 2362 749 2403 philosophus

251 2411 393 2444 Sortitur
416 2410 604 2449 sapientiae.

881 2066 912 2097 3.
939 2065 1003 2097 Per
1026 2063 1207 2097 Barnabam
1235 2065 1411 2104 apostolum

939 2112 1022 2144 Fide
1048 2111 1194 2145 Clemens
1219 2112 1398 2151 instruitur,

938 2160 983 2192 Et
1008 2160 1061 2192 hio
1081 2162 1157 2200 post
1181 2160 1311 2192 Petrum
1337 2161 1450 2192 tertius

939 2207 1085 2240 Summus
1110 2208 1240 2248 praesul
1263 2208 1459 2249 praeficitur.

879 2267 911 2300 4.
938 2265 1053 2298 Fidem
1080 2265 1196 2297 docens
1221 2266 1420 2305 catholicam,

942 2312 1107 2345 Convertit
1131 2312 1184 2344 hic
1208 2313 1392 2353 Sisinniun1‚

940 2361 1003 2392 Per
1028 2369 1120 2401 quem
1146 2369 1181 2392 se
1208 2361 1333 2394 Christo
1359 2362 1488 2402 subjicit

940 2408 1077 2448 Magnus
1103 2412 1211 2441 coetus
1235 2409 1417 2443 illustrium.
