<?xml version="1.0" encoding="UTF-8"?>
<!DOCTYPE html PUBLIC "-//W3C//DTD XHTML 1.0 Transitional//EN"
    "http://www.w3.org/TR/xhtml1/DTD/xhtml1-transitional.dtd">
<html xmlns="http://www.w3.org/1999/xhtml" xml:lang="en" lang="en">
 <head>
  <title>
</title>
<meta http-equiv="Content-Type" content="text/html;charset=utf-8" />
  <meta name='ocr-system' content='tesseract 3.04.00' />
  <meta name='ocr-capabilities' content='ocr_page ocr_carea ocr_par ocr_line ocrx_word'/>
</head>
<body>
  <div class='ocr_page' id='page_1' title='image "./analectahymnica22drevuoft_00256.png"; bbox 0 0 1653 2622; ppageno 0'>
   <div class='ocr_carea' id='block_1_1' title="bbox 700 120 959 154">
    <p class='ocr_par' dir='ltr' id='par_1_1' title="bbox 700 120 959 154">
     <span class='ocr_line' id='line_1_1' title="bbox 700 120 959 154; baseline 0 0"><span class='ocrx_word' id='word_1_1' title='bbox 700 120 959 154; x_wconf 73' lang='lat'>—253—</span> 
     </span>
    </p>
   </div>
   <div class='ocr_carea' id='block_1_2' title="bbox 416 215 1179 399">
    <p class='ocr_par' dir='ltr' id='par_1_2' title="bbox 416 215 1179 399">
     <span class='ocr_line' id='line_1_2' title="bbox 416 215 1119 262; baseline 0.003 -14"><span class='ocrx_word' id='word_1_2' title='bbox 416 217 446 248; x_wconf 89' lang='lat'>5.</span> <span class='ocrx_word' id='word_1_3' title='bbox 474 215 628 249; x_wconf 83' lang='lat' dir='ltr'>Omnibus</span> <span class='ocrx_word' id='word_1_4' title='bbox 653 216 805 248; x_wconf 82' lang='lat' dir='ltr'><strong>membris</strong></span> <span class='ocrx_word' id='word_1_5' title='bbox 829 226 932 258; x_wconf 85' lang='lat' dir='ltr'>prope</span> <span class='ocrx_word' id='word_1_6' title='bbox 958 217 1119 262; x_wconf 80' lang='lat' dir='ltr'>destituto,</span> 
     </span>
     <span class='ocr_line' id='line_1_3' title="bbox 473 263 1058 304; baseline 0.005 -10"><span class='ocrx_word' id='word_1_7' title='bbox 473 263 532 302; x_wconf 80' lang='lat' dir='ltr'>Qui</span> <span class='ocrx_word' id='word_1_8' title='bbox 557 273 649 295; x_wconf 88' lang='lat' dir='ltr'>suum</span> <span class='ocrx_word' id='word_1_9' title='bbox 673 266 797 296; x_wconf 85' lang='lat' dir='ltr'>tantum</span> <span class='ocrx_word' id='word_1_10' title='bbox 822 267 950 304; x_wconf 87' lang='lat' dir='ltr'>poterat</span> <span class='ocrx_word' id='word_1_11' title='bbox 974 265 1058 297; x_wconf 83' lang='lat' dir='ltr'>tueri</span> 
     </span>
     <span class='ocr_line' id='line_1_4' title="bbox 475 311 1179 353; baseline 0 -9"><span class='ocrx_word' id='word_1_12' title='bbox 475 311 533 344; x_wconf 84' lang='lat' dir='ltr'>Jus</span> <span class='ocrx_word' id='word_1_13' title='bbox 558 320 670 351; x_wconf 83' lang='lat' dir='ltr'>preces</span> <span class='ocrx_word' id='word_1_14' title='bbox 696 311 845 353; x_wconf 73' lang='lat' dir='ltr'>fundens,</span> <span class='ocrx_word' id='word_1_15' title='bbox 873 313 1010 346; x_wconf 82' lang='lat' dir='ltr'>celerem</span> <span class='ocrx_word' id='word_1_16' title='bbox 1034 312 1179 346; x_wconf 79' lang='lat' dir='ltr'>refundit</span> 
     </span>
     <span class='ocr_line' id='line_1_5' title="bbox 520 359 813 399; baseline 0.01 -9"><span class='ocrx_word' id='word_1_17' title='bbox 520 359 644 399; x_wconf 86' lang='lat' dir='ltr'>Lingua</span> <span class='ocrx_word' id='word_1_18' title='bbox 668 360 813 393; x_wconf 81' lang='lat' dir='ltr'>salutem.</span> 
     </span>
    </p>
   </div>
   <div class='ocr_carea' id='block_1_3' title="bbox 415 435 1082 613">
    <p class='ocr_par' dir='ltr' id='par_1_3' title="bbox 415 435 1082 571">
     <span class='ocr_line' id='line_1_6' title="bbox 415 435 1006 469; baseline 0 -1"><span class='ocrx_word' id='word_1_19' title='bbox 415 436 447 469; x_wconf 87' lang='lat'>6.</span> <span class='ocrx_word' id='word_1_20' title='bbox 472 436 620 468; x_wconf 86' lang='lat' dir='ltr'>Praesuli</span> <span class='ocrx_word' id='word_1_21' title='bbox 644 438 733 468; x_wconf 85' lang='lat' dir='ltr'>tanto</span> <span class='ocrx_word' id='word_1_22' title='bbox 757 445 895 469; x_wconf 82' lang='lat' dir='ltr'>vacuare</span> <span class='ocrx_word' id='word_1_23' title='bbox 919 435 1006 468; x_wconf 83' lang='lat' dir='ltr'>facta</span> 
     </span>
     <span class='ocr_line' id='line_1_7' title="bbox 473 482 1056 525; baseline 0 -11"><span class='ocrx_word' id='word_1_24' title='bbox 473 482 556 515; x_wconf 83' lang='lat' dir='ltr'>Vota</span> <span class='ocrx_word' id='word_1_25' title='bbox 581 487 760 525; x_wconf 79' lang='lat' dir='ltr'>temptante</span> <span class='ocrx_word' id='word_1_26' title='bbox 783 484 926 516; x_wconf 86' lang='lat' dir='ltr'>valitudo</span> <span class='ocrx_word' id='word_1_27' title='bbox 948 485 1056 524; x_wconf 85' lang='lat' dir='ltr'>nectit,</span> 
     </span>
     <span class='ocr_line' id='line_1_8' title="bbox 474 530 1082 571; baseline 0.002 -10"><span class='ocrx_word' id='word_1_28' title='bbox 474 530 618 570; x_wconf 83' lang='lat' dir='ltr'>Sospitas</span> <span class='ocrx_word' id='word_1_29' title='bbox 649 540 775 571; x_wconf 81' lang='lat' dir='ltr'>gressus</span> <span class='ocrx_word' id='word_1_30' title='bbox 802 532 913 564; x_wconf 83' lang='lat' dir='ltr'>eadem</span> <span class='ocrx_word' id='word_1_31' title='bbox 938 532 1082 571; x_wconf 82' lang='lat' dir='ltr'>parantis</span> 
     </span>
    </p>

    <p class='ocr_par' dir='ltr' id='par_1_4' title="bbox 522 578 784 613">
     <span class='ocr_line' id='line_1_9' title="bbox 522 578 784 613; baseline 0.008 -3"><span class='ocrx_word' id='word_1_32' title='bbox 522 578 654 610; x_wconf 86' lang='lat' dir='ltr'>Solvere</span> <span class='ocrx_word' id='word_1_33' title='bbox 679 579 784 613; x_wconf 91' lang='lat' dir='ltr'>solvit.</span> 
     </span>
    </p>
   </div>
   <div class='ocr_carea' id='block_1_4' title="bbox 414 652 1074 835">
    <p class='ocr_par' dir='ltr' id='par_1_5' title="bbox 414 652 1074 782">
     <span class='ocr_line' id='line_1_10' title="bbox 414 652 1074 694; baseline -0.003 -7"><span class='ocrx_word' id='word_1_34' title='bbox 414 654 444 687; x_wconf 81' lang='lat'>7.</span> <span class='ocrx_word' id='word_1_35' title='bbox 471 652 624 686; x_wconf 85' lang='lat' dir='ltr'>Fimbriis</span> <span class='ocrx_word' id='word_1_36' title='bbox 650 654 757 694; x_wconf 82' lang='lat' dir='ltr'>pallae</span> <span class='ocrx_word' id='word_1_37' title='bbox 783 654 963 687; x_wconf 79' lang='lat' dir='ltr'>decorantis</span> <span class='ocrx_word' id='word_1_38' title='bbox 987 663 1074 686; x_wconf 83' lang='lat' dir='ltr'>aram</span> 
     </span>
     <span class='ocr_line' id='line_1_11' title="bbox 474 700 1073 743; baseline 0 -10"><span class='ocrx_word' id='word_1_39' title='bbox 474 700 592 733; x_wconf 86' lang='lat' dir='ltr'>Cereus</span> <span class='ocrx_word' id='word_1_40' title='bbox 617 702 728 734; x_wconf 81' lang='lat' dir='ltr'>mistus</span> <span class='ocrx_word' id='word_1_41' title='bbox 753 702 880 742; x_wconf 87' lang='lat' dir='ltr'>penitus</span> <span class='ocrx_word' id='word_1_42' title='bbox 906 705 1073 743; x_wconf 82' lang='lat' dir='ltr'>crematur,</span> 
     </span>
     <span class='ocr_line' id='line_1_12' title="bbox 472 747 999 782; baseline 0.002 -3"><span class='ocrx_word' id='word_1_43' title='bbox 472 747 636 780; x_wconf 85' lang='lat' dir='ltr'>Fimbriae</span> <span class='ocrx_word' id='word_1_44' title='bbox 660 758 735 782; x_wconf 89' lang='lat' dir='ltr'>vero</span> <span class='ocrx_word' id='word_1_45' title='bbox 761 749 841 781; x_wconf 87' lang='lat' dir='ltr'>nihil</span> <span class='ocrx_word' id='word_1_46' title='bbox 865 749 999 781; x_wconf 90' lang='lat' dir='ltr'>ustionis</span> 
     </span>
    </p>

    <p class='ocr_par' dir='ltr' id='par_1_6' title="bbox 519 797 757 835">
     <span class='ocr_line' id='line_1_13' title="bbox 519 797 757 835; baseline 0 -6"><span class='ocrx_word' id='word_1_47' title='bbox 519 797 757 835; x_wconf 86' lang='lat' dir='ltr'>Perpetiuntur.</span> 
     </span>
    </p>
   </div>
   <div class='ocr_carea' id='block_1_5' title="bbox 412 870 1197 1054">
    <p class='ocr_par' dir='ltr' id='par_1_7' title="bbox 412 870 1197 1054">
     <span class='ocr_line' id='line_1_14' title="bbox 412 870 1197 913; baseline 0.001 -10"><span class='ocrx_word' id='word_1_48' title='bbox 412 873 444 904; x_wconf 83' lang='lat'>8.</span> <span class='ocrx_word' id='word_1_49' title='bbox 471 870 632 910; x_wconf 80' lang='lat' dir='ltr'>Splendor</span> <span class='ocrx_word' id='word_1_50' title='bbox 656 873 814 910; x_wconf 84' lang='lat' dir='ltr'>aeternus,</span> <span class='ocrx_word' id='word_1_51' title='bbox 843 872 938 905; x_wconf 85' lang='lat' dir='ltr'>decus</span> <span class='ocrx_word' id='word_1_52' title='bbox 964 874 994 903; x_wconf 88' lang='lat' dir='ltr'>et</span> <span class='ocrx_word' id='word_1_53' title='bbox 1018 872 1197 913; x_wconf 87' lang='lat' dir='ltr'>triumphus</span> 
     </span>
     <span class='ocr_line' id='line_1_15' title="bbox 474 918 1057 958; baseline 0.002 -8"><span class='ocrx_word' id='word_1_54' title='bbox 474 918 553 950; x_wconf 85' lang='lat' dir='ltr'>Cum</span> <span class='ocrx_word' id='word_1_55' title='bbox 580 922 746 950; x_wconf 84' lang='lat' dir='ltr'>coaeterno</span> <span class='ocrx_word' id='word_1_56' title='bbox 772 918 832 950; x_wconf 86' lang='lat' dir='ltr'>tibi</span> <span class='ocrx_word' id='word_1_57' title='bbox 857 920 900 951; x_wconf 85' lang='lat' dir='ltr'>sit</span> <span class='ocrx_word' id='word_1_58' title='bbox 922 922 1057 958; x_wconf 85' lang='lat' dir='ltr'>parente</span> 
     </span>
     <span class='ocr_line' id='line_1_16' title="bbox 468 966 1091 1006; baseline 0.002 -9"><span class='ocrx_word' id='word_1_59' title='bbox 468 966 575 1006; x_wconf 87' lang='lat' dir='ltr'>Atque</span> <span class='ocrx_word' id='word_1_60' title='bbox 596 974 664 997; x_wconf 89' lang='lat' dir='ltr'>cum</span> <span class='ocrx_word' id='word_1_61' title='bbox 690 975 781 998; x_wconf 78' lang='lat' dir='ltr'>sacro</span> <span class='ocrx_word' id='word_1_62' title='bbox 806 967 929 1005; x_wconf 81' lang='lat' dir='ltr'>pariter</span> <span class='ocrx_word' id='word_1_63' title='bbox 953 975 1091 1006; x_wconf 83' lang='lat' dir='ltr'>superna</span> 
     </span>
     <span class='ocr_line' id='line_1_17' title="bbox 518 1013 817 1054; baseline 0 -8"><span class='ocrx_word' id='word_1_64' title='bbox 518 1013 674 1054; x_wconf 82' lang='lat' dir='ltr'>Flamine,</span> <span class='ocrx_word' id='word_1_65' title='bbox 700 1014 817 1053; x_wconf 85' lang='lat' dir='ltr'>proleS.</span> 
     </span>
    </p>
   </div>
   <div class='ocr_carea' id='block_1_6' title="bbox 167 1103 1490 1295">
    <p class='ocr_par' dir='ltr' id='par_1_8' title="bbox 167 1103 1490 1295">
     <span class='ocr_line' id='line_1_18' title="bbox 246 1103 1487 1143; baseline -0.001 -9"><span class='ocrx_word' id='word_1_66' title='bbox 246 1106 317 1134; x_wconf 85' lang='lat' dir='ltr'>Cod.</span> <span class='ocrx_word' id='word_1_67' title='bbox 339 1105 475 1134; x_wconf 82' lang='lat' dir='ltr'>Gasinen.</span> <span class='ocrx_word' id='word_1_68' title='bbox 496 1104 562 1135; x_wconf 83' lang='lat'>280.</span> <span class='ocrx_word' id='word_1_69' title='bbox 584 1115 659 1134; x_wconf 87' lang='lat' dir='ltr'>saec.</span> <span class='ocrx_word' id='word_1_70' title='bbox 682 1105 727 1134; x_wconf 89' lang='lat'>11.</span> <span class='ocrx_word' id='word_1_71' title='bbox 762 1107 890 1143; x_wconf 86' lang='lat' dir='ltr'>„Versus</span> <span class='ocrx_word' id='word_1_72' title='bbox 911 1107 1085 1135; x_wconf 80' lang='lat' dir='ltr'>Guaiferi.</span> <span class='ocrx_word' id='word_1_73' title='bbox 1120 1108 1253 1142; x_wconf 77' lang='lat' dir='ltr'>Hymnus</span> <span class='ocrx_word' id='word_1_74' title='bbox 1275 1103 1431 1141; x_wconf 77' lang='lat' dir='ltr'>ejusdem.“</span> <span class='ocrx_word' id='word_1_75' title='bbox 1448 1123 1487 1127; x_wconf 92' lang='lat'><strong>—</strong></span> 
     </span>
     <span class='ocr_line' id='line_1_19' title="bbox 169 1142 1490 1181; baseline 0 -9"><span class='ocrx_word' id='word_1_76' title='bbox 169 1143 201 1177; x_wconf 83' lang='lat'>1,</span> <span class='ocrx_word' id='word_1_77' title='bbox 230 1142 248 1170; x_wconf 83' lang='lat'>2</span> <span class='ocrx_word' id='word_1_78' title='bbox 275 1152 360 1180; x_wconf 84' lang='lat' dir='ltr'>quae.</span> <span class='ocrx_word' id='word_1_79' title='bbox 387 1161 426 1164; x_wconf 97' lang='lat'><strong>—</strong></span> <span class='ocrx_word' id='word_1_80' title='bbox 453 1142 484 1178; x_wconf 84' lang='lat'>5,</span> <span class='ocrx_word' id='word_1_81' title='bbox 511 1143 529 1171; x_wconf 84' lang='lat'><strong>2</strong></span> <span class='ocrx_word' id='word_1_82' title='bbox 552 1145 635 1178; x_wconf 79' lang='lat' dir='ltr'>Quae</span> <span class='ocrx_word' id='word_1_83' title='bbox 660 1153 754 1172; x_wconf 90' lang='lat' dir='ltr'>suum.</span> <span class='ocrx_word' id='word_1_84' title='bbox 781 1159 819 1164; x_wconf 89' lang='lat'>--</span> <span class='ocrx_word' id='word_1_85' title='bbox 838 1145 955 1173; x_wconf 79' lang='lat' dir='ltr'>Daraus</span> <span class='ocrx_word' id='word_1_86' title='bbox 983 1145 1167 1181; x_wconf 80' lang='lat' dir='ltr'>abgedruekt</span> <span class='ocrx_word' id='word_1_87' title='bbox 1189 1145 1238 1172; x_wconf 90' lang='lat' dir='ltr'>bei</span> <span class='ocrx_word' id='word_1_88' title='bbox 1257 1145 1379 1181; x_wconf 86' lang='lat' dir='ltr'>Ughelli</span> <span class='ocrx_word' id='word_1_89' title='bbox 1398 1145 1490 1173; x_wconf 83' lang='lat' dir='ltr'>1talia</span> 
     </span>
     <span class='ocr_line' id='line_1_20' title="bbox 168 1181 1486 1220; baseline 0.001 -11"><span class='ocrx_word' id='word_1_90' title='bbox 168 1190 255 1210; x_wconf 78' lang='lat' dir='ltr'>sacra</span> <span class='ocrx_word' id='word_1_91' title='bbox 282 1182 341 1210; x_wconf 84' lang='lat' dir='ltr'>VH</span> <span class='ocrx_word' id='word_1_92' title='bbox 369 1181 424 1218; x_wconf 86' lang='lat' dir='ltr'>(ed.</span> <span class='ocrx_word' id='word_1_93' title='bbox 451 1181 535 1216; x_wconf 88' lang='grc'>1659)</span> <span class='ocrx_word' id='word_1_94' title='bbox 561 1192 588 1217; x_wconf 86' lang='lat' dir='ltr'>p.</span> <span class='ocrx_word' id='word_1_95' title='bbox 617 1181 699 1211; x_wconf 83' lang='lat'>1374.</span> <span class='ocrx_word' id='word_1_96' title='bbox 725 1192 768 1220; x_wconf 82' lang='lat' dir='ltr'>sq.</span> <span class='ocrx_word' id='word_1_97' title='bbox 794 1197 831 1202; x_wconf 91' lang='lat'>—</span> <span class='ocrx_word' id='word_1_98' title='bbox 854 1182 969 1211; x_wconf 84' lang='lat' dir='ltr'>Vorher</span> <span class='ocrx_word' id='word_1_99' title='bbox 987 1184 1058 1220; x_wconf 84' lang='lat' dir='ltr'>geht</span> <span class='ocrx_word' id='word_1_100' title='bbox 1077 1184 1125 1210; x_wconf 84' lang='lat' dir='ltr'>ein</span> <span class='ocrx_word' id='word_1_101' title='bbox 1143 1184 1247 1219; x_wconf 80' lang='lat' dir='ltr'>langes</span> <span class='ocrx_word' id='word_1_102' title='bbox 1268 1183 1392 1211; x_wconf 84' lang='lat' dir='ltr'>Gedicht</span> <span class='ocrx_word' id='word_1_103' title='bbox 1412 1183 1486 1210; x_wconf 83' lang='lat' dir='ltr'>auch</span> 
     </span>
     <span class='ocr_line' id='line_1_21' title="bbox 167 1219 1486 1257; baseline 0.001 -9"><span class='ocrx_word' id='word_1_104' title='bbox 167 1221 221 1248; x_wconf 81' lang='lat' dir='ltr'>auf</span> <span class='ocrx_word' id='word_1_105' title='bbox 231 1219 389 1254; x_wconf 74' lang='lat' dir='ltr'>Secunffin,</span> <span class='ocrx_word' id='word_1_106' title='bbox 410 1221 489 1248; x_wconf 81' lang='lat' dir='ltr'>daun</span> <span class='ocrx_word' id='word_1_107' title='bbox 508 1221 608 1256; x_wconf 80' lang='lat' dir='ltr'>fulgen</span> <span class='ocrx_word' id='word_1_108' title='bbox 620 1219 638 1248; x_wconf 79' lang='lat'><strong><em>2</em></strong></span> <span class='ocrx_word' id='word_1_109' title='bbox 651 1222 878 1257; x_wconf 84' lang='lat' dir='ltr'>Responsorien‚</span> <span class='ocrx_word' id='word_1_110' title='bbox 900 1222 947 1248; x_wconf 87' lang='lat' dir='ltr'>die</span> <span class='ocrx_word' id='word_1_111' title='bbox 960 1223 1112 1249; x_wconf 87' lang='lat' dir='ltr'>vermuten</span> <span class='ocrx_word' id='word_1_112' title='bbox 1124 1222 1231 1254; x_wconf 87' lang='lat' dir='ltr'>lassen,</span> <span class='ocrx_word' id='word_1_113' title='bbox 1253 1221 1316 1249; x_wconf 81' lang='lat' dir='ltr'>dass</span> <span class='ocrx_word' id='word_1_114' title='bbox 1331 1221 1486 1249; x_wconf 77' lang='lat' dir='ltr'>Guaiferus</span> 
     </span>
     <span class='ocr_line' id='line_1_22' title="bbox 167 1258 1376 1295; baseline 0 -9"><span class='ocrx_word' id='word_1_115' title='bbox 167 1259 216 1287; x_wconf 86' lang='lat' dir='ltr'>ein</span> <span class='ocrx_word' id='word_1_116' title='bbox 236 1267 345 1294; x_wconf 79' lang='lat' dir='ltr'>ganzes</span> <span class='ocrx_word' id='word_1_117' title='bbox 364 1258 582 1287; x_wconf 83' lang='lat' dir='ltr'>Reimofficium</span> <span class='ocrx_word' id='word_1_118' title='bbox 601 1260 655 1286; x_wconf 82' lang='lat' dir='ltr'>auf</span> <span class='ocrx_word' id='word_1_119' title='bbox 673 1259 773 1286; x_wconf 85' lang='lat' dir='ltr'>diesen</span> <span class='ocrx_word' id='word_1_120' title='bbox 792 1258 932 1295; x_wconf 84' lang='lat' dir='ltr'>Heiligen</span> <span class='ocrx_word' id='word_1_121' title='bbox 951 1260 1151 1295; x_wconf 85' lang='lat' dir='ltr'>geschrieben.</span> <span class='ocrx_word' id='word_1_122' title='bbox 1191 1259 1242 1287; x_wconf 83' lang='lat' dir='ltr'>Sie</span> <span class='ocrx_word' id='word_1_123' title='bbox 1261 1260 1376 1287; x_wconf 85' lang='lat' dir='ltr'>lauten:</span> 
     </span>
    </p>
   </div>
   <div class='ocr_carea' id='block_1_7' title="bbox 337 1307 1253 1419">
    <p class='ocr_par' dir='ltr' id='par_1_9' title="bbox 337 1307 1253 1419">
     <span class='ocr_line' id='line_1_23' title="bbox 337 1307 1048 1342; baseline 0 -8"><span class='ocrx_word' id='word_1_124' title='bbox 337 1307 373 1334; x_wconf 83' lang='lat' dir='ltr'>R.</span> <span class='ocrx_word' id='word_1_125' title='bbox 395 1307 480 1341; x_wconf 83' lang='lat' dir='ltr'>Ecce,</span> <span class='ocrx_word' id='word_1_126' title='bbox 502 1307 688 1335; x_wconf 71' lang='lat' dir='ltr'>Secundinus</span> <span class='ocrx_word' id='word_1_127' title='bbox 709 1307 830 1335; x_wconf 86' lang='lat' dir='ltr'>coelesti</span> <span class='ocrx_word' id='word_1_128' title='bbox 849 1307 918 1335; x_wconf 85' lang='lat' dir='ltr'>sede</span> <span class='ocrx_word' id='word_1_129' title='bbox 937 1309 1048 1342; x_wconf 85' lang='lat' dir='ltr'>potitus</span> 
     </span>
     <span class='ocr_line' id='line_1_24' title="bbox 395 1344 1097 1379; baseline -0.001 -7"><span class='ocrx_word' id='word_1_130' title='bbox 395 1345 517 1372; x_wconf 83' lang='lat' dir='ltr'>Transit</span> <span class='ocrx_word' id='word_1_131' title='bbox 536 1345 572 1372; x_wconf 84' lang='lat' dir='ltr'>ab</span> <span class='ocrx_word' id='word_1_132' title='bbox 593 1344 650 1372; x_wconf 87' lang='lat' dir='ltr'>hac</span> <span class='ocrx_word' id='word_1_133' title='bbox 668 1346 731 1372; x_wconf 81' lang='lat' dir='ltr'>vita</span> <span class='ocrx_word' id='word_1_134' title='bbox 750 1353 819 1373; x_wconf 87' lang='lat' dir='ltr'>vere</span> <span class='ocrx_word' id='word_1_135' title='bbox 839 1345 933 1373; x_wconf 85' lang='lat' dir='ltr'>bonus</span> <span class='ocrx_word' id='word_1_136' title='bbox 952 1345 1097 1379; x_wconf 78' lang='lat' dir='ltr'>Israelita,</span> 
     </span>
     <span class='ocr_line' id='line_1_25' title="bbox 337 1382 1253 1419; baseline 0 -10"><span class='ocrx_word' id='word_1_137' title='bbox 337 1382 374 1409; x_wconf 90' lang='lat' dir='ltr'>V.</span> <span class='ocrx_word' id='word_1_138' title='bbox 394 1383 481 1410; x_wconf 83' lang='lat' dir='ltr'>Nunc</span> <span class='ocrx_word' id='word_1_139' title='bbox 501 1383 607 1411; x_wconf 87' lang='lat' dir='ltr'>chorus</span> <span class='ocrx_word' id='word_1_140' title='bbox 628 1382 755 1411; x_wconf 80' lang='lat' dir='ltr'>exsultet</span> <span class='ocrx_word' id='word_1_141' title='bbox 773 1383 954 1419; x_wconf 85' lang='lat' dir='ltr'>psalmisque</span> <span class='ocrx_word' id='word_1_142' title='bbox 975 1385 1115 1419; x_wconf 84' lang='lat' dir='ltr'>sequatur</span> <span class='ocrx_word' id='word_1_143' title='bbox 1128 1385 1253 1411; x_wconf 84' lang='lat' dir='ltr'>euntem.</span> 
     </span>
    </p>
   </div>
   <div class='ocr_carea' id='block_1_8' title="bbox 335 1439 1202 1553">
    <p class='ocr_par' dir='ltr' id='par_1_10' title="bbox 335 1439 1202 1553">
     <span class='ocr_line' id='line_1_26' title="bbox 339 1439 1116 1476; baseline 0 -9"><span class='ocrx_word' id='word_1_144' title='bbox 339 1439 375 1467; x_wconf 82' lang='lat' dir='ltr'>R.</span> <span class='ocrx_word' id='word_1_145' title='bbox 397 1439 490 1474; x_wconf 80' lang='lat' dir='ltr'>Euge,</span> <span class='ocrx_word' id='word_1_146' title='bbox 511 1440 570 1467; x_wconf 87' lang='lat' dir='ltr'>Dei</span> <span class='ocrx_word' id='word_1_147' title='bbox 589 1441 667 1476; x_wconf 84' lang='lat' dir='ltr'>regis</span> <span class='ocrx_word' id='word_1_148' title='bbox 688 1439 783 1467; x_wconf 84' lang='lat' dir='ltr'>cultor</span> <span class='ocrx_word' id='word_1_149' title='bbox 803 1440 888 1473; x_wconf 88' lang='lat' dir='ltr'>bone,</span> <span class='ocrx_word' id='word_1_150' title='bbox 909 1449 994 1468; x_wconf 84' lang='lat' dir='ltr'>serve</span> <span class='ocrx_word' id='word_1_151' title='bbox 1012 1439 1116 1474; x_wconf 80' lang='lat' dir='ltr'>fidelis,</span> 
     </span>
     <span class='ocr_line' id='line_1_27' title="bbox 396 1477 1138 1514; baseline -0.001 -9"><span class='ocrx_word' id='word_1_152' title='bbox 396 1477 494 1506; x_wconf 84' lang='lat' dir='ltr'>Multa</span> <span class='ocrx_word' id='word_1_153' title='bbox 513 1486 603 1514; x_wconf 84' lang='lat' dir='ltr'>supra</span> <span class='ocrx_word' id='word_1_154' title='bbox 620 1478 701 1511; x_wconf 81' lang='lat' dir='ltr'>felix,</span> <span class='ocrx_word' id='word_1_155' title='bbox 723 1479 795 1514; x_wconf 85' lang='lat' dir='ltr'>quia</span> <span class='ocrx_word' id='word_1_156' title='bbox 813 1486 904 1513; x_wconf 83' lang='lat' dir='ltr'>supra</span> <span class='ocrx_word' id='word_1_157' title='bbox 922 1486 1016 1514; x_wconf 83' lang='lat' dir='ltr'>parva</span> <span class='ocrx_word' id='word_1_158' title='bbox 1033 1477 1138 1511; x_wconf 79' lang='lat' dir='ltr'>fidelis,</span> 
     </span>
     <span class='ocr_line' id='line_1_28' title="bbox 335 1515 1202 1553; baseline -0.001 -10"><span class='ocrx_word' id='word_1_159' title='bbox 335 1515 372 1543; x_wconf 90' lang='lat' dir='ltr'>V.</span> <span class='ocrx_word' id='word_1_160' title='bbox 391 1516 494 1551; x_wconf 84' lang='lat' dir='ltr'>Dupla</span> <span class='ocrx_word' id='word_1_161' title='bbox 512 1519 702 1552; x_wconf 78' lang='lat' dir='ltr'>repraesenta</span> <span class='ocrx_word' id='word_1_162' title='bbox 719 1517 778 1544; x_wconf 78' lang='lat' dir='ltr'>tibi</span> <span class='ocrx_word' id='word_1_163' title='bbox 798 1516 909 1544; x_wconf 76' lang='lat' dir='ltr'>tradita</span> <span class='ocrx_word' id='word_1_164' title='bbox 928 1518 1061 1553; x_wconf 76' lang='lat' dir='ltr'>quinque</span> <span class='ocrx_word' id='word_1_165' title='bbox 1080 1516 1202 1544; x_wconf 76' lang='lat' dir='ltr'>talenta.</span> 
     </span>
    </p>
   </div>
   <div class='ocr_carea' id='block_1_9' title="bbox 609 1665 1044 1697">
    <p class='ocr_par' dir='ltr' id='par_1_11' title="bbox 609 1665 1044 1697">
     <span class='ocr_line' id='line_1_29' title="bbox 609 1665 1044 1697; baseline -0.005 -1"><span class='ocrx_word' id='word_1_166' title='bbox 609 1665 678 1696; x_wconf 86' lang='grc'><strong>427.</strong></span> <span class='ocrx_word' id='word_1_167' title='bbox 709 1665 753 1697; x_wconf 86' lang='lat' dir='ltr'>De</span> <span class='ocrx_word' id='word_1_168' title='bbox 774 1666 882 1697; x_wconf 87' lang='lat' dir='ltr'>sancto</span> <span class='ocrx_word' id='word_1_169' title='bbox 903 1665 1044 1697; x_wconf 82' lang='lat' dir='ltr'>Servulo.</span> 
     </span>
    </p>
   </div>
   <div class='ocr_carea' id='block_1_10' title="bbox 707 1743 933 1781">
    <p class='ocr_par' dir='ltr' id='par_1_12' title="bbox 707 1743 933 1781">
     <span class='ocr_line' id='line_1_30' title="bbox 707 1743 933 1781; baseline -0.004 -9"><span class='ocrx_word' id='word_1_170' title='bbox 707 1743 756 1772; x_wconf 87' lang='lat' dir='ltr'>Ad</span> <span class='ocrx_word' id='word_1_171' title='bbox 776 1743 933 1781; x_wconf 84' lang='lat' dir='ltr'>Vesperas.</span> 
     </span>
    </p>
   </div>
   <div class='ocr_carea' id='block_1_11' title="bbox 162 1821 1382 2007">
    <p class='ocr_par' dir='ltr' id='par_1_13' title="bbox 162 1821 1382 2007">
     <span class='ocr_line' id='line_1_31' title="bbox 162 1821 1362 1863; baseline -0.003 -9"><span class='ocrx_word' id='word_1_172' title='bbox 162 1822 193 1856; x_wconf 86' lang='lat'>1.</span> <span class='ocrx_word' id='word_1_173' title='bbox 219 1821 328 1853; x_wconf 89' lang='lat' dir='ltr'>Primo</span> <span class='ocrx_word' id='word_1_174' title='bbox 354 1821 476 1853; x_wconf 89' lang='lat' dir='ltr'>dierum</span> <span class='ocrx_word' id='word_1_175' title='bbox 503 1822 653 1863; x_wconf 88' lang='lat' dir='ltr'>omnium,</span> <span class='ocrx_word' id='word_1_176' title='bbox 850 1824 883 1856; x_wconf 83' lang='lat'>4.</span> <span class='ocrx_word' id='word_1_177' title='bbox 910 1824 1020 1854; x_wconf 90' lang='lat' dir='ltr'>Annos</span> <span class='ocrx_word' id='word_1_178' title='bbox 1045 1822 1167 1854; x_wconf 86' lang='lat' dir='ltr'>habens</span> <span class='ocrx_word' id='word_1_179' title='bbox 1194 1822 1362 1855; x_wconf 79' lang='lat' dir='ltr'>duodecim</span> 
     </span>
     <span class='ocr_line' id='line_1_32' title="bbox 220 1867 1284 1909; baseline -0.001 -8"><span class='ocrx_word' id='word_1_180' title='bbox 220 1870 287 1908; x_wconf 71' lang='lat' dir='ltr'>Quo</span> <span class='ocrx_word' id='word_1_181' title='bbox 313 1877 424 1900; x_wconf 83' lang='lat' dir='ltr'>servus</span> <span class='ocrx_word' id='word_1_182' title='bbox 451 1868 570 1901; x_wconf 86' lang='lat' dir='ltr'>Christi</span> <span class='ocrx_word' id='word_1_183' title='bbox 596 1867 714 1908; x_wconf 82' lang='lat' dir='ltr'>floruit,</span> <span class='ocrx_word' id='word_1_184' title='bbox 909 1869 1028 1901; x_wconf 87' lang='lat' dir='ltr'>Divina</span> <span class='ocrx_word' id='word_1_185' title='bbox 1052 1878 1129 1901; x_wconf 89' lang='lat' dir='ltr'>voce</span> <span class='ocrx_word' id='word_1_186' title='bbox 1154 1869 1284 1909; x_wconf 83' lang='lat' dir='ltr'>petitur,</span> 
     </span>
     <span class='ocr_line' id='line_1_33' title="bbox 219 1915 1356 1957; baseline 0 -9"><span class='ocrx_word' id='word_1_187' title='bbox 219 1916 361 1949; x_wconf 81' lang='lat' dir='ltr'>Servivit</span> <span class='ocrx_word' id='word_1_188' title='bbox 384 1916 438 1948; x_wconf 85' lang='lat' dir='ltr'>hic</span> <span class='ocrx_word' id='word_1_189' title='bbox 462 1918 495 1947; x_wconf 87' lang='lat' dir='ltr'>et</span> <span class='ocrx_word' id='word_1_190' title='bbox 517 1915 651 1956; x_wconf 86' lang='lat' dir='ltr'>profuit,</span> <span class='ocrx_word' id='word_1_191' title='bbox 909 1916 1035 1948; x_wconf 85' lang='lat' dir='ltr'>Almam</span> <span class='ocrx_word' id='word_1_192' title='bbox 1063 1917 1197 1948; x_wconf 87' lang='lat' dir='ltr'>sortitur</span> <span class='ocrx_word' id='word_1_193' title='bbox 1221 1916 1356 1957; x_wconf 86' lang='lat' dir='ltr'>gratiam</span> 
     </span>
     <span class='ocr_line' id='line_1_34' title="bbox 219 1962 1382 2007; baseline 0.001 -10"><span class='ocrx_word' id='word_1_194' title='bbox 219 1964 280 1997; x_wconf 82' lang='lat' dir='ltr'>Est</span> <span class='ocrx_word' id='word_1_195' title='bbox 304 1965 365 1997; x_wconf 85' lang='lat' dir='ltr'>hoc</span> <span class='ocrx_word' id='word_1_196' title='bbox 389 1964 459 1997; x_wconf 90' lang='lat' dir='ltr'>Deo</span> <span class='ocrx_word' id='word_1_197' title='bbox 484 1963 711 2007; x_wconf 83' lang='lat' dir='ltr'>gratissimum.</span> <span class='ocrx_word' id='word_1_198' title='bbox 910 1964 1027 1996; x_wconf 85' lang='lat' dir='ltr'>Sancto</span> <span class='ocrx_word' id='word_1_199' title='bbox 1058 1964 1219 1996; x_wconf 84' lang='lat' dir='ltr'>calescens</span> <span class='ocrx_word' id='word_1_200' title='bbox 1244 1962 1382 1998; x_wconf 86' lang='lat' dir='ltr'>flamine.</span> 
     </span>
    </p>
   </div>
   <div class='ocr_carea' id='block_1_12' title="bbox 158 2040 1331 2129">
    <p class='ocr_par' dir='ltr' id='par_1_14' title="bbox 158 2040 1331 2129">
     <span class='ocr_line' id='line_1_35' title="bbox 158 2040 1331 2081; baseline -0.004 -5"><span class='ocrx_word' id='word_1_201' title='bbox 158 2044 190 2076; x_wconf 85' lang='lat'>2.</span> <span class='ocrx_word' id='word_1_202' title='bbox 218 2042 360 2074; x_wconf 86' lang='lat' dir='ltr'>Pulcher</span> <span class='ocrx_word' id='word_1_203' title='bbox 383 2050 464 2081; x_wconf 84' lang='lat' dir='ltr'>prae</span> <span class='ocrx_word' id='word_1_204' title='bbox 487 2040 609 2073; x_wconf 85' lang='lat' dir='ltr'>cunctis</span> <span class='ocrx_word' id='word_1_205' title='bbox 627 2041 790 2079; x_wconf 89' lang='lat' dir='ltr'>Servulus‚</span> <span class='ocrx_word' id='word_1_206' title='bbox 850 2041 881 2073; x_wconf 80' lang='lat'>5.</span> <span class='ocrx_word' id='word_1_207' title='bbox 909 2042 1003 2072; x_wconf 90' lang='lat' dir='ltr'>Anno</span> <span class='ocrx_word' id='word_1_208' title='bbox 1028 2049 1090 2072; x_wconf 89' lang='lat' dir='ltr'>uno</span> <span class='ocrx_word' id='word_1_209' title='bbox 1114 2043 1147 2072; x_wconf 92' lang='lat' dir='ltr'>et</span> <span class='ocrx_word' id='word_1_210' title='bbox 1169 2040 1331 2072; x_wconf 85' lang='lat' dir='ltr'>mensibus</span> 
     </span>
     <span class='ocr_line' id='line_1_36' title="bbox 216 2087 1257 2129; baseline -0.003 -7"><span class='ocrx_word' id='word_1_211' title='bbox 216 2090 327 2122; x_wconf 87' lang='lat' dir='ltr'>Mente</span> <span class='ocrx_word' id='word_1_212' title='bbox 351 2090 425 2129; x_wconf 86' lang='lat' dir='ltr'>plus</span> <span class='ocrx_word' id='word_1_213' title='bbox 449 2089 583 2129; x_wconf 80' lang='lat' dir='ltr'>placens</span> <span class='ocrx_word' id='word_1_214' title='bbox 608 2088 757 2128; x_wconf 88' lang='lat' dir='ltr'>Domino,</span> <span class='ocrx_word' id='word_1_215' title='bbox 909 2088 1033 2121; x_wconf 83' lang='lat' dir='ltr'>Novem</span> <span class='ocrx_word' id='word_1_216' title='bbox 1059 2087 1257 2120; x_wconf 82' lang='lat' dir='ltr'>orationibus</span> 
     </span>
    </p>
   </div>
   <div class='ocr_carea' id='block_1_13' title="bbox 155 2135 1387 2398">
    <p class='ocr_par' dir='ltr' id='par_1_15' title="bbox 214 2135 1346 2226">
     <span class='ocr_line' id='line_1_37' title="bbox 215 2135 1301 2178; baseline -0.002 -8"><span class='ocrx_word' id='word_1_217' title='bbox 215 2137 359 2170; x_wconf 81' lang='lat' dir='ltr'>Sortitur</span> <span class='ocrx_word' id='word_1_218' title='bbox 380 2139 508 2178; x_wconf 84' lang='lat' dir='ltr'>partem</span> <span class='ocrx_word' id='word_1_219' title='bbox 534 2136 687 2177; x_wconf 85' lang='lat' dir='ltr'>optimam</span> <span class='ocrx_word' id='word_1_220' title='bbox 907 2136 1055 2169; x_wconf 83' lang='lat' dir='ltr'>Intendit</span> <span class='ocrx_word' id='word_1_221' title='bbox 1076 2136 1153 2168; x_wconf 85' lang='lat' dir='ltr'>totis</span> <span class='ocrx_word' id='word_1_222' title='bbox 1177 2135 1301 2168; x_wconf 83' lang='lat' dir='ltr'>viribus</span> 
     </span>
     <span class='ocr_line' id='line_1_38' title="bbox 214 2182 1346 2226; baseline -0.002 -7"><span class='ocrx_word' id='word_1_223' title='bbox 214 2187 305 2219; x_wconf 85' lang='lat' dir='ltr'>Inter</span> <span class='ocrx_word' id='word_1_224' title='bbox 328 2189 482 2226; x_wconf 82' lang='lat' dir='ltr'>patronos</span> <span class='ocrx_word' id='word_1_225' title='bbox 506 2184 672 2217; x_wconf 83' lang='lat' dir='ltr'>maximos.</span> <span class='ocrx_word' id='word_1_226' title='bbox 907 2182 997 2215; x_wconf 81' lang='lat' dir='ltr'>Nihil</span> <span class='ocrx_word' id='word_1_227' title='bbox 1024 2183 1122 2216; x_wconf 86' lang='lat' dir='ltr'>edens</span> <span class='ocrx_word' id='word_1_228' title='bbox 1147 2184 1182 2215; x_wconf 82' lang='lat' dir='ltr'>in</span> <span class='ocrx_word' id='word_1_229' title='bbox 1206 2183 1346 2223; x_wconf 84' lang='lat' dir='ltr'>spelaeo.</span> 
     </span>
    </p>

    <p class='ocr_par' dir='ltr' id='par_1_16' title="bbox 155 2259 1387 2398">
     <span class='ocr_line' id='line_1_39' title="bbox 155 2259 1387 2297; baseline -0.004 0"><span class='ocrx_word' id='word_1_230' title='bbox 155 2265 187 2297; x_wconf 80' lang='lat'>3.</span> <span class='ocrx_word' id='word_1_231' title='bbox 214 2263 356 2295; x_wconf 76' lang='lat' dir='ltr'>Vocatus</span> <span class='ocrx_word' id='word_1_232' title='bbox 379 2263 435 2296; x_wconf 83' lang='lat' dir='ltr'>hic</span> <span class='ocrx_word' id='word_1_233' title='bbox 459 2271 479 2294; x_wconf 87' lang='lat' dir='ltr'>a</span> <span class='ocrx_word' id='word_1_234' title='bbox 500 2262 638 2295; x_wconf 86' lang='lat' dir='ltr'>Domino</span> <span class='ocrx_word' id='word_1_235' title='bbox 850 2262 881 2294; x_wconf 82' lang='grc'>6.</span> <span class='ocrx_word' id='word_1_236' title='bbox 909 2261 1033 2294; x_wconf 81' lang='lat' dir='ltr'>Clamat</span> <span class='ocrx_word' id='word_1_237' title='bbox 1059 2260 1099 2292; x_wconf 89' lang='lat' dir='ltr'>de</span> <span class='ocrx_word' id='word_1_238' title='bbox 1125 2259 1211 2293; x_wconf 87' lang='lat' dir='ltr'>coelo</span> <span class='ocrx_word' id='word_1_239' title='bbox 1232 2259 1387 2292; x_wconf 81' lang='lat' dir='ltr'>Dominus</span> 
     </span>
     <span class='ocr_line' id='line_1_40' title="bbox 215 2307 1318 2352; baseline -0.002 -10"><span class='ocrx_word' id='word_1_240' title='bbox 215 2310 419 2350; x_wconf 85' lang='lat' dir='ltr'>Respondet:</span> <span class='ocrx_word' id='word_1_241' title='bbox 447 2311 562 2343; x_wconf 87' lang='lat' dir='ltr'>adsum</span> <span class='ocrx_word' id='word_1_242' title='bbox 587 2309 742 2352; x_wconf 82' lang='lat' dir='ltr'>servulus,</span> <span class='ocrx_word' id='word_1_243' title='bbox 907 2308 965 2341; x_wconf 90' lang='lat' dir='ltr'>Ei:</span> <span class='ocrx_word' id='word_1_244' title='bbox 994 2308 1105 2341; x_wconf 87' lang='lat' dir='ltr'>Dulcis</span> <span class='ocrx_word' id='word_1_245' title='bbox 1131 2318 1149 2341; x_wconf 92' lang='lat' dir='ltr'>o</span> <span class='ocrx_word' id='word_1_246' title='bbox 1176 2307 1318 2350; x_wconf 71' lang='lat' dir='ltr'>Servule,</span> 
     </span>
     <span class='ocr_line' id='line_1_41' title="bbox 213 2356 1239 2398; baseline -0.003 -8"><span class='ocrx_word' id='word_1_247' title='bbox 213 2358 267 2390; x_wconf 90' lang='lat' dir='ltr'>Ad</span> <span class='ocrx_word' id='word_1_248' title='bbox 293 2361 445 2398; x_wconf 85' lang='lat' dir='ltr'>parentes</span> <span class='ocrx_word' id='word_1_249' title='bbox 470 2358 645 2391; x_wconf 89' lang='lat' dir='ltr'>revertitur</span> <span class='ocrx_word' id='word_1_250' title='bbox 906 2357 1028 2389; x_wconf 83' lang='lat' dir='ltr'>Audita</span> <span class='ocrx_word' id='word_1_251' title='bbox 1054 2359 1101 2388; x_wconf 85' lang='lat' dir='ltr'>est</span> <span class='ocrx_word' id='word_1_252' title='bbox 1126 2356 1239 2396; x_wconf 85' lang='lat' dir='ltr'>oratio,</span> 
     </span>
    </p>
   </div>
   <div class='ocr_carea' id='block_1_14' title="bbox 215 2404 1418 2449">
    <p class='ocr_par' dir='ltr' id='par_1_17' title="bbox 215 2404 1418 2449">
     <span class='ocr_line' id='line_1_42' title="bbox 215 2404 1418 2449; baseline 0 -11"><span class='ocrx_word' id='word_1_253' title='bbox 215 2405 290 2438; x_wconf 91' lang='lat' dir='ltr'>Solo</span> <span class='ocrx_word' id='word_1_254' title='bbox 312 2405 404 2446; x_wconf 80' lang='lat' dir='ltr'>jussu</span> <span class='ocrx_word' id='word_1_255' title='bbox 431 2406 599 2439; x_wconf 85' lang='lat' dir='ltr'>dominico.</span> <span class='ocrx_word' id='word_1_256' title='bbox 910 2406 995 2449; x_wconf 82' lang='lat' dir='ltr'>Pete,</span> <span class='ocrx_word' id='word_1_257' title='bbox 1024 2405 1108 2446; x_wconf 86' lang='lat' dir='ltr'>quod</span> <span class='ocrx_word' id='word_1_258' title='bbox 1133 2405 1192 2445; x_wconf 82' lang='lat' dir='ltr'>vis,</span> <span class='ocrx_word' id='word_1_259' title='bbox 1220 2407 1253 2436; x_wconf 90' lang='lat' dir='ltr'>et</span> <span class='ocrx_word' id='word_1_260' title='bbox 1279 2404 1418 2438; x_wconf 86' lang='lat' dir='ltr'>dabitur.</span> 
     </span>
    </p>
   </div>
  </div>
 </body>
</html>
