1651 2621
706 107 939 142 -78-—

172 200 202 231 5.
231 200 373 232 Clemens
399 210 456 240 pro
483 201 600 234 Christi
624 203 750 235 nomine
852 205 881 235 7.
908 202 1024 242 Ligata
1047 204 1127 235 collo
1152 203 1292 236 anchora

230 247 386 279 Sustinuit
412 249 565 288 exsilium,
909 250 1055 284 Jactatm·
1079 251 1174 282 maris
1199 248 1358 288 fiuctibus,

231 294 388 334 Spei-nens
413 295 557 335 profanis
582 296 677 328 idolis
909 297 966 336 Qui
989 297 1091 330 laetus
1115 297 1215 330 intrat
1239 296 1375 337 patriam

230 341 349 374 Offerre
373 342 571 375 sacrificium.
907 344 1002 377 Bonis
1028 344 1136 379 fruens
1163 343 1361 377 coelestibus.

172 399 202 431 6.
228 399 291 430 Pro
318 398 486 431 Clementis
511 398 658 440 suffragio
849 402 879 434 8.
907 400 1032 433 Summe
1056 401 1142 434 Deus
1168 399 1363 440 clementiae,

227 446 337 486 Agnus
365 446 444 477 ditat
467 447 585 479 indicio
909 449 1060 481 Perennis
1086 450 1178 482 dator
1202 448 1331 488 gloriae,

226 493 394 533 Rclegatos
420 494 531 526 exsilio
910 494 1017 527 Sancti
1044 496 1212 529 Clementis
1235 492 1383 534 precibus

227 541 388 580 Aquarum
415 540 577 574 beneficio,
908 542 973 574 Nos
999 544 1068 575 loca
1094 542 1172 574 coeli
1199 541 1336 573 sedibus

576 600 607 631 9.
635 598 745 631 Gloria
769 598 838 639 tibi,
860 600 1003 632 Domine.

245 662 326 689 ssrev.
357 670 409 689 ms.
442 663 577 691 Fratrum
604 662 632 691 S.
661 664 817 691 Clementis
848 665 883 692 de
908 665 988 693 Urbe
1019 673 1093 692 saec.
1121 661 1164 690 15.
1213 662 1281 690 Cod.
1311 661 1470 688 Taurinen.

169 698 196 725 E
216 700 258 727 VI
277 698 323 728 46.
344 714 379 719 -—
398 698 426 733 4,
447 698 464 727 2
484 701 533 728 hie
552 700 694 729 Sisitium.

544 809 605 841 125.
634 811 678 842 De
701 818 740 842 ss.
761 810 868 842 Gosma
888 813 919 842 ct
937 810 1096 842 Damiano.

167 879 195 911 1.
224 879 342 911 Christi
365 878 476 911 fideles
501 880 627 920 milites,
857 882 887 914 6.
912 880 1001 912 Haec
1031 880 1174 912 membra
1198 881 1308 920 poenis
1332 879 1463 918 lacerat,

223 926 305 965 Quos
331 926 419 957 alvus
444 936 507 958 una
531 927 674 966 protulit,
912 928 1031 960 Amore
1055 927 1173 960 Christi
1198 928 1345 968 tolerant,

223 972 440 1005 Germanitate
463 973 594 1016 nobiles,
914 974 983 1006 Nec
1010 975 1095 1006 cedit
1118 975 1202 1005 alma
1228 975 1355 1013 caritas,

222 1019 392 1052 Felicitate
418 1028 590 1059 compares.
915 1020 998 1053 Dum
1023 1023 1124 1053 torret
1146 1021 1227 1060 ignis
1258 1021 1420 1061 mysticus.

164 1077 195 1108 2.
224 1075 344 1118 Cosma,
370 1085 506 1116 namque
530 1076 576 1108 sic
603 1076 728 1118 dicitur,
859 1079 889 1109 7.
913 1076 1007 1109 Ponti
1031 1077 1191 1116 profundo
1217 1080 1356 1117 revocat,

221 1122 393 1155 Damianus
417 1124 521 1155 minor
546 1121 615 1163 fuit,
914 1123 997 1161 Quos
1024 1123 1134 1155 mersit
1159 1122 1248 1155 furor
1272 1123 1404 1164 intimis,

222 1169 305 1202 Cura
327 1170 477 1202 medendi
503 1179 665 1209 compares
915 1170 1044 1210 Aequor
1069 1171 1200 1203 eductos
1224 1171 1320 1203 litore

220 1217 289 1249 Nec
315 1218 458 1256 dispares
485 1218 671 1251 constantia.
915 1218 1035 1250 Reddit
1061 1218 1171 1250 beatos
1195 1221 1363 1259 martyres,

163 1275 193 1307 3.
221 1274 382 1306 Fervente
406 1275 516 1306 mundi
540 1274 668 1306 turbine
858 1277 890 1309 8.
916 1274 1002 1307 Hinc
1025 1275 1202 1315 puniendos
1227 1275 1349 1307 arbiter

221 1321 284 1353 Sub
305 1321 404 1361 Lysia
429 1322 502 1353 dum
527 1322 676 1362 praeside
914 1321 1012 1355 Jubet
1034 1321 1135 1354 saccis
1159 1322 1287 1354 insuere

221 1369 399 1408 Praecepta
421 1378 504 1400 vana
527 1368 675 1407 riserant,
915 1369 1022 1409 Atque
1044 1370 1186 1401 lotorum
1209 1370 1327 1402 ictibus

224 1415 397 1455 Tempserc
418 1416 507 1454 Jussa
535 1416 700 1456 principis.
918 1415 1036 1448 Christi
1061 1416 1159 1449 ferire
1184 1418 1310 1450 milites.

163 1472 196 1503 4.
222 1471 291 1502 Nee
314 1472 410 1503 thura
432 1474 554 1510 ponunt
577 1472 683 1512 idolis,
858 1475 888 1506 9.
915 1473 1025 1504 Virtus
1052 1476 1213 1513 retorquet
1235 1474 1343 1513 jacula

222 1518 291 1549 Nec
318 1518 400 1550 colla
426 1519 486 1550 diis
510 1518 675 1558 flexerant,
914 1520 1029 1551 Vultus
1054 1528 1151 1560 super
1174 1521 1364 1553 mittentium

221 1565 405 1596 Traduntur
430 1565 472 1596 ad
496 1565 664 1607 supplicia,
913 1566 1040 1607 Divina,
1066 1576 1177 1599 saevos
1200 1568 1341 1608 perculit

224 1611 382 1643 Christum
404 1611 505 1643 Deum
530 1621 593 1644 non
619 1612 785 1653 abnegant.
914 1614 1030 1646 Hostes
1054 1615 1178 1653 piorum
1204 1618 1389 1655 martyrum.

168 1668 198 1699 5.
226 1668 344 1707 Quibus
369 1670 522 1708 tyrannus
547 1668 692 1700 invidens
845 1671 899 1703 10.
914 1670 1038 1702 Dehinc
1063 1679 1156 1703 cruce
1180 1671 1386 1711 suspenditur

221 1714 407 1755 Flammam,
433 1714 568 1756 flagella,
596 1724 739 1748 carceres
914 1718 1066 1758 Uterque,
1093 1718 1209 1750 fratres
1234 1719 1360 1759 gemini,

225 1761 410 1802 Compulsus
435 1766 504 1794 atro
530 1763 645 1802 spiritu
916 1764 1052 1802 Quorum
1076 1765 1204 1797 beatum
1229 1767 1377 1806 spiritum

223 1810 326 1842 Jussit
349 1810 457 1849 parari
483 1812 514 1841 et
540 1811 718 1850 compedes.
916 1811 1068 1844 Coe-lestis
1094 1812 1168 1844 aula
1191 1814 1343 1852 possidet.

561 1867 697 1899 11.De0
721 1867 807 1907 patri
832 1869 874 1899 sit
898 1868 1007 1909 gIoria.

237 1931 347 1966 Hymn.
367 1939 411 1958 ms
444 1932 657 1968 Neapolitanus
678 1941 752 1961 saec.
774 1930 844 1961 ¹3l'14.
880 1933 949 1962 Cod-
963 1934 1149 1969 Neapolitan.
1173 1935 1215 1963 VI
1229 1936 1254 1964 G
1275 1935 1323 1965 29.
1345 1953 1382 1957 —
1402 1936 1430 1972 2,
1450 1937 1468 1965 ἴ),

166 1968 280 1996 Curam.
306 1985 343 1989 —
369 1967 396 2002 4,
417 1967 435 1995 2
454 1970 604 1998 flexerunt.
631 1986 669 1990 --
693 1969 719 2005 5,
740 1969 919 2008 4jcompedi.
946 1986 983 1990 —
1009 1971 1035 2006 7,
1056 1971 1074 1999 2
1094 1973 1164 2000 Lies
1184 1974 1310 2002 intimo?
1337 1989 1374 1993 —
1400 1975 1426 2009 7,
1449 1976 1469 2004 4

162 2006 268 2035 Redde.
290 2021 325 2026 —-
346 2006 372 2040 8,
397 2005 410 2034 1
430 2008 489 2035 Hic
510 2008 682 2044 puniendus.
704 2024 735 2028 —
762 2010 789 2042 ὅ,
812 2007 829 2035 2
850 2019 940 2038 suere.
962 2025 998 2029 —
1022 2009 1048 2045 3,
1070 2009 1087 2038 :3
1111 2010 1267 2039 Aralomm
1292 2013 1409 2041 ictibus.
1431 2030 1467 2033 —

162 2042 188 2078 9,
210 2042 227 2072 3
250 2053 363 2073 saevus.
384 2060 421 2063 —
441 2044 467 2079 9,
489 2045 509 2073 4
527 2046 625 2074 Hosti.
646 2062 683 2067 —
705 2045 748 2080 10,
772 2045 786 2073 1
808 2056 900 2075 cruce.
920 2061 957 2068 *—
982 2046 1023 2082 10,
1046 2047 1063 2075 2
1083 2050 1232 2085 Utrisque.

541 2156 602 2188 126.
631 2158 675 2189 De
696 2167 734 2190 ss.
756 2157 862 2189 cosma
881 2159 912 2189 et
931 2156 1089 2190 Damiano.

164 2227 193 2260 1.
221 2227 377 2258 Immensa
404 2226 520 2259 Christi
549 2229 692 2266 praemia
846 2230 875 2260 2.
903 2229 1039 2268 Quorum
1063 2229 1169 2261 votiva
1193 2231 1309 2270 gaudia

219 2274 264 2306 Et
287 2275 462 2313 martyrum
488 2275 660 2307 certamina
903 2275 968 2307 Nos
995 2276 1189 2308 celebramus
1214 2287 1327 2322 annua,

220 2323 324 2354 Voces
347 2323 521 2361 promendo
547 2331 699 2355 consonas
904 2322 964 2362 Qui
992 2324 1080 2363 passi
1104 2327 1179 2356 sunt
1200 2335 1259 2365 pro
1283 2327 1420 2360 Domino

220 2369 330 2401 Mente
356 2377 502 2401 canamus
527 2369 643 2402 sobria.
902 2372 1027 2410 Agente
1053 2371 1131 2405 duro
1156 2371 1264 2413 Lysia.
