1651 2621
709 116 964 153 -156—

599 211 658 243 261.
691 211 733 243 De
754 211 865 242 saneta.
883 207 1070 240 Katharina.

452 283 482 315 1.
510 283 653 316 Omnium
679 281 790 321 factor,
815 279 976 312 hominum
1001 278 1193 317 redemptor,

509 330 673 370 Virginum
697 337 841 368 sponsus,
866 326 954 359 Deus
977 325 1068 365 alme,
1093 323 1185 356 nobis

509 373 674 421 [Virgin]is
701 376 814 415 dignae
840 374 1001 406 celebrare
1025 372 1139 407 festum

558 421 621 467 [Da
644 419 867 467 Ka]tharinae.

454 483 485 517 2.
509 480 598 513 Haec
621 480 786 520 parentela
810 481 881 511 sata
904 477 1105 518 praefluenti,

512 527 647 561 Germen
673 527 771 559 eluxit
794 525 933 565 speciale
955 533 1073 566 regum,

511 575 618 608 Incliti
643 573 725 615 regis
750 572 932 605 veneranda
953 572 1059 612 proles

559 621 662 654 Unica
687 620 781 653 Costi.

456 680 487 712 3.
514 678 648 718 Respuit
670 686 800 716 regnum
824 676 976 708 socianda
1000 674 1137 716 Christo,

514 725 673 765 Pauperes
699 722 787 765 fovit,
813 723 875 755 sibi
898 731 997 762 parca
1025 721 1111 764 vixit,

513 772 636 805 Obtulit
657 779 773 811 sponso
798 770 935 810 capitale
957 777 1104 809 magnum

560 819 793 858 Virginitatem.

456 877 488 910 4.
514 873 658 908 Affiuens
683 873 773 906 verbi
795 874 862 906 sale
885 872 1015 916 literati,

513 921 672 962 Eloquens
697 921 794 960 virgo,
821 919 947 952 senibus
971 919 1132 959 resistens,

515 969 760 1002 Convocatorum
784 967 946 1006 superavit,
969 975 1079 1006 agmen

561 1015 836 1054 Philosophorum.

462 1075 493 1105 5.
516 1073 616 1105 Lacte
638 1070 789 1110 profluxit
815 1067 970 1114 [juguJata
995 1070 1111 1109 cervix,

514 1119 569 1151 Bis
593 1120 701 1151 decem
725 1121 823 1150 metas
848 1117 951 1149 subito
979 1118 1099 1149 dierum

514 1166 610 1199 Vexit
632 1166 665 1196 in
690 1165 766 1197 Sina
792 1165 903 1197 chorus
927 1161 1134 1209 angelo[rum]

563 1213 700 1252 Virginis
725 1214 823 1245 artua

466 1272 497 1303 6.
523 1269 607 1302 Laus
631 1268 699 1300 Deo
723 1270 809 1308 patri
832 1269 1017 1308 genitaeque
1041 1267 1134 1307 proli,

514 1317 611 1356 Laus,
637 1324 760 1347 sacrum
783 1314 907 1355 flamen,
932 1314 992 1347 tibi
1016 1316 1057 1346 sit
1081 1312 1247 1359 per[enne]

513 1364 633 1396 Laudis
660 1365 692 1394 et
713 1365 842 1394 nostrae
866 1360 981 1406 oom[es
1004 1358 1172 1405 inremota]

566 1410 615 1442 Sit,
638 1410 825 1442 Katharina.

272 1479 341 1506 Cod.
361 1478 495 1505 Vatican.
515 1477 586 1511 Reg.
609 1472 690 1502 1351.
711 1474 775 1502 add.
798 1482 870 1502 saec.
893 1471 935 1502 12.

604 1575 670 1607 262.
700 1576 743 1606 De
761 1575 871 1606 saneta
889 1574 1074 1606 Katharina.

199 1650 228 1682 1.
256 1649 361 1689 Pange
383 1650 511 1680 sanctae
535 1647 731 1680 Katharinae
871 1648 901 1680 5,
927 1646 1017 1678 Haec
1043 1646 1171 1678 coelesti
1194 1647 1292 1686 plena
1310 1655 1394 1687 rore,

303 1696 438 1735 gloriosa
461 1694 593 1734 proelia,
979 1693 1074 1726 docta
1096 1694 1212 1734 linguis
1236 1694 1384 1735 omnium,

256 1743 415 1776 Imitatrix
441 1741 557 1774 Christi
581 1741 690 1773 matris
933 1741 1018 1773 Vicit
1043 1742 1127 1773 vires
1148 1741 1307 1782 vitiorum,

308 1790 508 1829 moribusque
533 1787 665 1829 fulgida,
982 1796 1087 1828 regem
1116 1797 1185 1820 oum
1209 1790 1400 1822 rhetoribus.

197 1850 230 1880 2.
262 1846 308 1879 Et
328 1855 399 1878 cum
421 1847 494 1886 ipsa
516 1853 612 1884 regno
636 1845 703 1884 poli
878 1847 909 1878 6.
937 1844 1013 1877 Cum
1038 1848 1171 1885 augusta
1193 1847 1309 1878 multos
1335 1847 1428 1879 duxit

309 1893 428 1926 sociata
452 1893 584 1933 virgine,
984 1893 1025 1925 ad
1049 1902 1147 1932 regna
1172 1894 1331 1935 coelestia,

261 1941 347 1979 Quae
370 1940 555 1980 resplendet
576 1947 671 1979 super
695 1938 793 1971 solem
937 1940 1018 1981 Regi
1042 1941 1168 1974 Christo
1191 1942 1428 1980 praemittendo

307 1988 444 2028 gloriosa
468 1987 596 2018 lumine.
986 1987 1148 2027 duplicata
1172 1997 1313 2023 munera.

205 2048 236 2079 3.
261 2045 342 2085 Regi
366 2053 474 2084 regum
501 2044 693 2083 desponsata
882 2046 913 2077 ¹7.
940 2045 1132 2084 Angelorum
1156 2046 1348 2086 Dominique

309 2101 422 2132 magno
449 2099 543 2123 censu
569 2091 729 2131 sanguinis
986 2092 1116 2125 visitata
1143 2092 1261 2125 famine

256 2139 301 2172 Et
335 2140 455 2172 honore
480 2139 672 2171 circumdata
942 2140 1057 2179 Minas,
1085 2148 1200 2181 ensem,
1227 2142 1350 2182 spernit
1374 2144 1471 2182 rotas,

301 2186 447 2219 laudibus
473 2186 634 2227 virgineis.
989 2187 1124 2220 verbera
1148 2197 1217 2222 eum
1243 2197 1379 2223 earcere.

201 2247 233 2278 4.
263 2246 352 2279 Haec
374 2243 503 2283 tyranni
524 2244 613 2283 jussa
636 2243 720 2284 regis
886 2244 916 2276 8.
944 2244 1038 2285 Cujus
1064 2248 1159 2284 caput
1184 2254 1253 2278 cum
1277 2249 1453 2290 truncatur,

307 2291 442 2332 despicit
467 2300 539 2323 oum
561 2291 656 2323 idolis
989 2294 1041 2324 lae
1064 2292 1150 2325 fudit
1172 2303 1231 2334 pro
1256 2295 1422 2337 sanguine,

257 2340 480 2380 Amplexando
505 2339 604 2371 verba
628 2341 746 2381 vatum,
943 2341 987 2373 Et
1010 2340 1044 2372 in
1068 2344 1174 2373 monte
1199 2342 1387 2383 deportatur

307 2387 427 2421 Christi
451 2396 523 2419 oum
547 2386 709 2427 apostolis.
994 2387 1083 2421 Sinai
1106 2389 1147 2421 ab
1171 2390 1304 2433 angelis.
