1651 2621
706 121 964 157 —255—

186 217 218 249 7.
243 216 384 250 Verbum
411 218 471 250 Dei
497 216 696 250 fructificans
875 220 908 253 9.
935 219 1102 252 Ecclesiae
1125 228 1201 251 aine
1225 219 1350 260 pollens

243 265 283 297 In
308 265 497 306 populorum
526 266 687 306 cordibus,
934 267 1028 299 Hanc
1053 268 1157 300 aulam
1182 267 1307 299 Christo
1334 266 1493 309 condidit,

244 312 411 345 Praelatus
436 313 557 346 Romae
581 314 709 346 habitus
937 315 1126 347 Ambrosius
1151 315 1280 347 mittens
1307 323 1434 347 caecum

244 360 456 393 Praedicator
482 361 635 402 egregius.
935 362 1031 394 Hunc
1053 362 1238 395 Dalmatino
1263 363 1369 395 litore.

188 437 222 470 8.
246 436 423 470 Multitudo
448 438 615 470 innumera
869 439 924 472 10.
941 439 1035 472 Ocius
1059 439 1116 470 ille
1140 439 1235 477 venit,

247 485 310 517 Per
336 494 408 517 eum
432 485 597 525 baptizata
621 489 679 526 est,
936 487 1058 519 Lumen
1081 486 1207 526 recepit
1231 486 1352 518 eminus

248 532 332 571 Quos
356 533 442 566 inter
466 533 576 566 rhetor
601 532 740 566 famosus
937 534 1044 566 Sisinii
1074 534 1219 574 martyrii

246 579 293 613 Et
318 580 499 613 Victorinus
526 581 675 615 credidit.
937 581 1064 613 Meritis
1091 585 1123 613 et
1146 581 1333 614 Alexandri.

583 657 636 690 11.
665 657 777 690 Gloria
801 657 870 696 tibi,
897 657 1042 692 Domine.

256 740 337 768 Man.
362 749 416 768 ms.
442 740 672 769 Ambrosianum
697 750 773 770 saec.
797 739 840 769 10.
881 742 951 770 Cod.
971 742 1157 770 Ambrosian.
1177 742 1202 769 Τ
1231 738 1285 769 103
1314 750 1377 777 sup.
1398 741 1432 768 A.
1457 756 1492 759 —

177 778 259 806 Man·
285 787 339 806 ms.
366 777 593 807 Ambrosianum
622 788 697 807 saec.
720 777 764 807 10.
805 779 874 807 Cod.
901 780 1087 808 Ambrwian.
1113 788 1136 808 s.
1161 789 1189 807 n.
1210 780 1244 807 B.
1270 794 1307 798 —-
1332 779 1417 807 BreV.
1442 788 1495 807 ms.

179 813 280 844 Vallis
301 817 481 852 Travagliae
502 825 579 845 saec.
600 815 675 846 ²⁰l11.
717 817 787 845 Cod.
808 817 896 854 Capit.
916 818 1113 846 Mediolanen.
1133 827 1156 845 s.
1176 827 1205 845 n.
1228 818 1258 845 G.
1279 834 1316 838 —
1338 818 1422 845 Brev.
1442 826 1496 845 ms.

178 853 211 881 S.
239 854 346 882 Jacobi
376 857 409 883 in
433 855 564 883 Pontida
592 863 666 883 saec.
697 853 740 884 11.
786 856 855 883 Cod.
881 856 1014 884 Vatican.
1043 854 1089 884 82.
1116 856 1152 884 D.
1181 870 1219 875 -—
1242 856 1322 884 Man.
1351 864 1402 883 ms.
1428 855 1496 883 Am-

180 892 353 920 brosianum
378 895 448 921 anni
476 890 560 921 1188.
601 893 671 922 Cod.
696 894 881 921 Ambrosian.
907 895 932 922 A
959 892 1022 921 189.
1047 895 1099 921 inf.
1119 893 1155 922 E.
1181 908 1218 913 -
1243 893 1362 930 Antiph.
1388 902 1442 921 ms.
1467 893 1496 921 S.

179 930 311 958 Victoris
337 931 374 958 ad
399 931 546 959 theatrum
566 939 641 960 saec.
667 930 710 959 12.
751 932 821 960 Cod.
842 932 1028 959 Ambrosian.
1047 932 1074 960 A
1097 931 1110 959 1
1131 932 1183 959 inf.
1203 932 1236 958 F.
1257 945 1293 950 —-
1313 932 1421 965 Hymn.
1442 940 1495 959 ms.

182 967 397 997 Ambrosianus
425 978 500 997 saec.
524 967 566 998 15.
608 969 678 998 (jod.
699 971 832 998 Vatican.
858 968 944 997 4754.
966 970 999 998 G.
1023 986 1060 990 —
1080 970 1189 1005 Hymn.
1209 978 1263 997 ms.
1283 969 1496 997 Ambrosianus

178 1014 256 1034 saec.
284 1005 327 1035 15.
371 1007 439 1035 Cod.
462 1007 630 1035 Berolinen.
650 1008 738 1036 Ham.
771 1006 835 1036 544.
855 1007 894 1035 H.
922 1022 959 1027 —
987 1005 1019 1041 2,
1048 1007 1062 1035 1
1082 1009 1166 1036 Tunc
1185 1015 1267 1035 sacer
1286 1007 1345 1035 AF.
1367 1021 1402 1026 —-
1424 1006 1457 1041 2,
1478 1005 1496 1034 3

180 1044 333 1073 Vicarium
353 1046 411 1074 Dei
432 1046 465 1074 G.
487 1060 524 1065 —
546 1044 578 1081 2,
604 1044 624 1073 4
642 1049 713 1073 tunc
732 1046 790 1073 AF.
811 1062 850 1066 —
870 1043 903 1080 3,
930 1043 948 1072 2
968 1054 1046 1073 nunc
1065 1045 1230 1074 haereditas
1252 1045 1342 1073 ΑΗΕ-
1375 1063 1399 1066 -
1420 1044 1455 1080 4,
1479 1042 1497 1073 3

180 1082 330 1111 Sanctitas
350 1092 448 1111 comes
467 1084 559 1114 ΑΗΕ.
578 1098 616 1103 α-
638 1083 663 1118 6,
687 1084 702 1111 1
719 1084 917 1120 Augustinum
934 1084 974 1111 H.
992 1099 1032 1104 -—
1052 1082 1078 1116 6,
1099 1082 1117 1111 2
1136 1084 1180 1112 Ut
1197 1085 1291 1120 agitet
1309 1083 1383 1112 fehlt
1402 1083 1437 1110 A.
1459 1099 1492 1104 —-

181 1119 212 1154 7,
239 1119 257 1148 2
280 1130 308 1149 u.
329 1119 347 1149 3
367 1124 537 1157 umgestellt
555 1123 594 1150 H.
618 1137 649 1141 —
675 1121 704 1156 7,
732 1120 749 1148 2
769 1122 977 1157 Apostolorum
997 1122 1133 1150 cordibus
1154 1122 1193 1150 H.
1213 1138 1250 1141 —
1274 1119 1304 1155 9,
1329 1119 1350 1148 4
1369 1121 1437 1149 Huc
1457 1121 1495 1151 F:

181 1158 350 1188 Dalmatico
370 1160 406 1188 Cr.
427 1174 464 1179 -
485 1158 530 1194 10,
551 1158 570 1186 2
589 1161 702 1196 recepit
719 1160 844 1188 mundus
865 1162 978 1187 eminus
999 1160 1030 1187 F.

613 1308 682 1340 430.
713 1309 756 1340 De
776 1309 883 1340 sancto
904 1307 1069 1340 silvestro.

179 1390 212 1422 1.
240 1388 395 1421 Silvestro
420 1388 613 1430 beatissimo,
883 1389 915 1421 6.
943 1387 1004 1420 Hic
1027 1396 1183 1427 pauperes
1209 1397 1247 1419 ac
1273 1388 1394 1420 debiles

239 1435 339 1469 Urbis
364 1436 528 1468 Romanae
554 1436 713 1480 episcopo,
942 1435 1123 1473 Quaerebat
1146 1436 1217 1475 pius
1243 1434 1370 1474 artifex,

239 1483 369 1516 Laudes
395 1491 545 1516 canamus
571 1484 697 1516 debitas
942 1482 1080 1514 Cunctos
1103 1483 1137 1515 in
1163 1483 1223 1515 hac
1247 1483 1418 1515 matricula

239 1531 316 1564 Cum
343 1532 428 1563 omni
454 1531 645 1564 reverentia.
941 1529 1110 1562 Scribebat
1136 1538 1205 1562 cum
1233 1531 1370 1563 laetitia.

177 1610 210 1640 2.
239 1606 303 1639 Hic
333 1615 403 1638 cum
429 1606 515 1639 foret
538 1607 725 1650 infantulus,
883 1606 914 1638 7.
941 1606 1133 1638 Cunctorum
1160 1609 1230 1638 erat
1254 1607 1390 1649 bajulus,

237 1655 268 1687 A
293 1657 397 1687 matre
421 1664 479 1687 sua
502 1655 600 1687 vidua
942 1652 1058 1685 Nullus
1083 1654 1122 1686 ab
1148 1663 1183 1686 eo
1209 1663 1337 1695 vacuus,

242 1702 359 1742 Cyrino
384 1702 505 1736 Christi
529 1704 657 1736 servulo
943 1700 1135 1741 Cunctisque
1159 1702 1326 1735 alimonias

241 1750 435 1783 Commissus
461 1753 510 1782 est
534 1751 734 1792 presbytero.
945 1748 1136 1782 Praestabat
1160 1749 1212 1781 hic
1237 1750 1394 1783 assiduas.

183 1828 215 1860 3.
242 1826 274 1858 A
299 1834 361 1866 quo
386 1824 508 1858 Christi
531 1829 687 1866 mysteria
886 1828 918 1860 S.
946 1825 1155 1865 Imperatoris
1179 1825 1310 1857 maximi

244 1873 378 1906 Secutus
403 1873 602 1906 lucidissima
947 1872 1147 1905 Constantini
1172 1881 1245 1905 nam
1272 1872 1440 1905 candidam

244 1922 470 1962 spernensque
497 1922 608 1954 mundi
635 1922 769 1955 delubra
945 1920 1084 1959 Lepram
1112 1920 1235 1959 depulit
1260 1919 1397 1952 famulus

241 1969 395 2002 Pervenit
423 1969 466 2001 ad
492 1969 652 2003 coelestia.
947 1967 1066 2001 Christi
1090 1976 1149 2006 per
1167 1970 1311 1999 sanctum
1327 1968 1502 2001 lavacrum.

183 2048 216 2080 4,
243 2045 308 2078 Hic
332 2043 438 2077 factus
465 2047 514 2077 est
538 2045 676 2081 affabilis
888 2046 919 2078 9.
945 2045 1072 2076 Vacans
1097 2044 1203 2076 adhuc
1226 2043 1260 2075 in
1288 2052 1422 2085 corpore

238 2094 285 2126 Et
309 2094 432 2125 cunctis
458 2094 679 2135 peramabilis,
943 2091 1097 2132 Prodigia
1121 2092 1292 2124 ostendere

239 2143 278 2174 In
302 2142 374 2182 ipso
400 2143 578 2181 sapientiae
945 2140 1018 2172 Non
1045 2142 1149 2171 cessat
1174 2139 1293 2172 Christi
1319 2138 1456 2172 famulus

241 2189 348 2223 Clavis
373 2190 539 2230 omnisque
564 2193 742 2230 permanet.
945 2187 1095 2221 Sanando
1119 2187 1235 2219 multos
1261 2188 1440 2228 languidos.

179 2269 211 2300 5.
239 2266 302 2298 Hic
326 2266 529 2299 venerandus
554 2266 711 2308 pontifex,
876 2265 930 2299 10.
946 2265 1009 2298 Per
1033 2264 1118 2295 hunc
1142 2263 1245 2296 virum
1270 2263 1448 2304 piissimum

241 2315 318 2346 Pius
343 2323 403 2346 nec
427 2314 540 2347 tardus
566 2314 675 2356 opifex
947 2312 1060 2346 Surdis
1085 2311 1212 2344 auditus
1238 2311 1396 2356 redditur,

242 2363 281 2395 In
305 2370 427 2401 suaque
448 2364 619 2396 matricula
945 2361 1068 2394 Lumen
1094 2359 1182 2391 caeci
1205 2360 1376 2403 recipiunt,

240 2409 386 2449 Scriptas
412 2409 552 2443 habebat
576 2411 700 2446 viduas.
944 2408 1134 2449 Effugantur
1160 2408 1336 2442 daemonia.
