1651 2621
670 130 933 166 -111—

575 222 632 255 181.
661 224 705 256 De
725 225 834 257 sancto
855 224 1033 257 Gaudentio.

645 301 694 331 Ad
714 301 802 341 Vesp.
824 305 853 332 et
870 302 956 333 Noct.

368 368 399 401 1.
426 369 492 401 Iste
517 368 688 411 confessor,
719 373 827 404 noster
850 372 1052 415 intercessor,

425 415 539 449 Gratia
563 420 666 458 natus,
692 419 851 458 baptismo
875 423 1015 461 renatuS,

425 465 504 498 Cum
529 465 656 498 Juliano
684 467 798 499 comite
826 467 983 500 Germano

471 513 615 545 Transiit
638 514 766 548 Istrum.

374 570 406 602 2.
433 569 575 602 Transiit
598 578 687 603 mare
710 570 845 602 vitreum
871 572 1046 612 praeclare,

427 617 559 657 Semper
585 617 626 649 ad
650 619 772 649 caelum
797 626 851 651 cor
874 617 995 651 habens
1020 619 1177 660 anhelum,

431 664 591 697 Christum
618 664 732 697 dilexit
757 668 789 697 et
812 666 953 706 prudens
978 667 1118 707 neglexit

476 712 574 745 Omne
597 712 770 747 sinistrum.

371 771 402 803 3.
429 770 668 809 Imperatorem,
695 769 757 801 Dei
779 770 959 810 zelatorem,

426 817 559 849 Adeunt
582 817 694 857 saneti,
721 818 774 857 qui
800 818 1032 857 congratulanti

427 865 532 898 Corde
558 864 705 896 concedit
728 864 847 909 literas,
874 874 950 905 quas
977 866 1078 899 credit

474 911 569 943 Plebs
597 912 757 945 valituras

370 971 403 1003 4.
430 968 548 1008 Quibus
575 969 732 1001 concessis
759 969 958 1001 Christianae
981 970 1092 1002 messis

427 1016 583 1048 Fructum
608 1014 762 1055 fecerunt,
788 1025 925 1056 namque
948 1017 1138 1050 studuerunt

426 1063 554 1095 Vellere
579 1066 685 1095 scntes
710 1064 933 1103 hominumque
956 1067 1077 1097 mentes

475 1110 627 1143 Reddere
651 1119 759 1151 puras.

372 1169 403 1201 5.
429 1167 646 1199 Ecclesiarum
673 1166 723 1198 bis
749 1166 1037 1208 quinquagenarum

427 1215 522 1248 Facti
543 1217 718 1246 structores
743 1214 911 1247 destruunt
935 1223 1069 1256 errores,

426 1262 499 1294 Non
527 1262 722 1294 dormierunt
747 1270 806 1294 nec
832 1262 1083 1295 dormitaverunt

476 1309 618 1348 Corpore
641 1310 739 1349 segni.

374 1368 404 1400 6.
430 1366 476 1399 Hi
501 1370 610 1407 gentes
634 1366 761 1406 pridem
788 1365 923 1398 docuere
946 1365 1043 1398 fidem

427 1414 472 1446 Et
495 1422 610 1446 nomen
635 1413 755 1447 Christi
778 1413 1002 1453 praedicantes
1025 1414 1090 1455 ist-i,

427 1462 481 1494 Sic
505 1460 721 1503 perfecerunt,
748 1461 832 1501 quod
856 1464 1099 1501 promeruerunt

476 1509 622 1540 Praemia
646 1509 743 1548 regni.

374 1568 405 1599 7.
430 1566 661 1599 Miraculorum
686 1574 746 1605 per
768 1565 827 1597 hos
852 1573 909 1597 rex
936 1566 1092 1597 coelorum

427 1614 569 1646 Virtutes
595 1611 682 1654 fecit,
710 1613 878 1645 daemones
905 1613 1009 1654 ejecit,

427 1662 452 1695 Ο
478 1661 654 1701 simulator,
681 1661 750 1700 opis
777 1661 958 1701 denegator,

473 1709 581 1741 Morte
604 1708 746 1740 terreris.

371 1768 402 1801 8.
430 1766 544 1799 Salvus
569 1765 754 1805 permansit,
781 1765 856 1797 dum
879 1774 939 1804 per
964 1774 1060 1805 aquas
1086 1765 1210 1809 transit,

427 1813 554 1846 Cedunt
582 1815 745 1852 serpentes
769 1812 844 1845 huic
868 1812 1064 1852 obedientes,

426 1861 535 1902 Digito
562 1868 652 1893 caeso
678 1860 777 1892 veluti
801 1869 864 1892 non
887 1860 984 1900 laeso,

474 1908 600 1949 Sancte,
626 1907 775 1941 mederiS.

372 1968 402 1999 9.
429 1966 526 1998 Tanti
553 1966 681 2005 patroni
704 1974 787 2005 pura
810 1967 917 1997 mente
940 1965 1034 2006 proni

427 2013 525 2046 Festo
550 2013 706 2045 laetemur
731 2013 876 2053 huncque
901 2013 1117 2053 deprecemur,

428 2062 475 2096 Ut
496 2064 701 2101 peccatorum
726 2061 780 2093 det
803 2061 895 2094 nobis
920 2063 1101 2093 nostrorum

472 2109 555 2142 Mite
578 2109 733 2143 levamen.

345 2168 401 2202 10.
427 2167 514 2200 Hinc
539 2166 676 2199 trinitati
699 2166 841 2199 moribus
866 2166 971 2199 ornati

422 2215 551 2248 Laudes
577 2214 761 2254 reddamus,
786 2217 822 2246 ut
845 2214 1066 2254 perveniamus

424 2264 477 2296 Ad
504 2263 612 2296 sedem
640 2263 730 2304 caeli,
762 2271 855 2302 quam
881 2263 929 2294 cui
954 2261 1044 2295 fideli

472 2311 536 2344 Dat
561 2311 659 2345 Deus.
696 2311 811 2345 Amen.

225 2380 311 2407 Brev.
338 2387 392 2406 ms.
419 2377 448 2405 S.
472 2378 576 2407 Clarae
595 2376 812 2414 Neapolitanae
838 2384 913 2405 saec.
938 2374 980 2404 14.
1022 2375 1090 2405 Cod.
1115 2376 1288 2405 Casanaten.
1315 2376 1340 2404 B
1364 2376 1413 2405 111
1437 2374 1463 2403 5.

146 2418 210 2447 add.
239 2426 315 2447 saec.
347 2414 390 2445 15.
420 2430 455 2435 —
478 2414 512 2451 3,
539 2415 558 2445 4
577 2417 709 2452 Populus
734 2415 888 2444 valituras.
916 2430 954 2434 —
975 2413 1007 2449 5,
1035 2413 1055 2442 4
1075 2414 1197 2452 Corpori
1222 2416 1308 2451 signi.
1329 2431 1366 2435 —-
1387 2413 1419 2450 8,
1449 2413 1463 2442 1

148 2456 256 2487 Saulus
276 2456 447 2494 permansit.
467 2471 506 2476 -
526 2453 553 2491 8,
574 2453 592 2483 3
612 2463 694 2483 cesso
720 2477 723 2483 .
747 2480 753 2486 ,
774 2477 783 2486 ÷
804 2477 810 2486 .
830 2454 918 2483 lesso.
937 2469 976 2474 ——
996 2452 1022 2489 9,
1042 2451 1062 2482 4
1080 2454 1178 2483 Mitre.
1198 2468 1235 2474 -—
1257 2453 1301 2488 10,
1326 2451 1341 2481 1
1362 2453 1450 2481 Huic.
