1653 2622
756 121 1017 156 —231-

331 219 390 253 11.
416 218 568 250 Pervolat
592 218 648 250 ille
673 217 782 259 miser,
809 217 913 248 coelos
939 225 974 248 se
1000 216 1078 250 dicit
1103 216 1204 259 adire,

416 265 524 297 Altius
549 266 635 297 unde
661 264 748 296 cadit
772 264 836 295 sibi
861 263 1082 297 deficientibus
1108 264 1180 298 alis,

333 322 387 354 12.
415 320 556 353 Pestifer
580 321 769 353 exstinctum
796 325 967 361 postquam
992 321 1079 354 Nero
1106 321 1208 353 cernit
1233 321 1377 359 amicum,

412 369 459 401 Te
486 377 580 401 cruce
607 369 713 402 dando
738 369 820 401 mori
846 370 1035 401 coelestibus
1061 369 1192 402 adderis
1217 369 1294 400 oris.

334 427 388 460 13.
415 426 488 458 Jam
515 435 594 466 cape
618 425 798 459 Romanum
823 427 933 458 consul
960 426 1141 466 Caesarque
1164 427 1319 464 senatum,

415 474 512 514 Ecce,
536 474 597 505 tibi
624 476 755 505 cunctus
781 474 882 506 servit
906 474 964 506 sub
992 475 1099 506 sidere
1122 474 1270 507 mundus,

336 531 392 564 14.
420 531 573 564 Omnibus
597 531 754 563 humanus
778 530 908 563 famulis
934 532 989 571 sis,
1015 532 1124 571 Petre,
1151 539 1308 571 rogamus,

411 579 519 619 Atque
543 582 657 618 potens
682 579 785 610 nostri
808 579 931 618 totique
955 578 1102 611 salutifer
1127 578 1209 612 orbi.

335 636 390 669 15.
413 636 438 669 Ο
463 636 551 668 Deus
578 635 700 668 aeterni
725 636 851 676 genitor
875 635 1052 667 clarissime
1075 635 1177 674 verbi,

417 683 471 715 Da
493 684 619 715 meritis
643 683 733 715 Petri
757 692 816 715 nos
840 683 997 715 scandere
1019 683 1147 715 moenia
1170 682 1261 714 coeli.

298 778 367 806 Cod.
391 778 508 806 Casien.
533 777 596 806 109.
618 785 694 806 saec.
716 774 791 805 ¹⁰l11.
814 777 879 804 add.
901 786 977 805 saec.
1004 775 1047 806 13.
1089 776 1198 813 „Alph
1211 777 1273 804 ani
1293 776 1313 804 S
1322 777 1357 804 al
1366 785 1401 803 er
1409 777 1540 803 nitani

221 824 262 852 ep
271 817 303 844 is
314 824 330 843 c
338 824 379 852 op
386 815 424 843 i.“
467 816 693 853 Martinengius‚
717 813 782 843 173.

646 946 707 977 391.
737 946 781 977 De
802 947 909 978 sancto
930 946 1094 978 Pontiano.

749 1023 796 1053 Ad
816 1023 1006 1053 Nocturnum.

223 1103 254 1137 1.
281 1103 441 1143 Pontiani,
467 1112 536 1145 rex,
562 1101 692 1134 humani
915 1104 946 1135 3.
974 1102 1051 1135 Cum
1079 1101 1307 1141 clamandoque
1330 1101 1493 1133 laudando

326 1150 458 1182 Exaudi
479 1159 593 1190 preces
615 1148 739 1189 famuli,
1020 1149 1147 1181 Dantur
1173 1149 1218 1180 eis
1243 1149 1457 1188 praecamina,

279 1197 347 1229 Nos
374 1198 427 1238 qui
455 1198 544 1231 ducis
568 1198 657 1238 signo
685 1198 786 1229 crucis
973 1197 1020 1228 Te
1045 1198 1226 1236 clamamus,
1252 1196 1458 1236 imploramus

326 1245 388 1278 Ad
402 1254 557 1277 coenam
571 1244 851 1286 agniprovidi.
1018 1243 1542 1276 AeternaChristimunera.

222 1303 254 1336 2.
278 1302 458 1343 Eleutheri,
484 1303 569 1343 regis
592 1301 671 1341 veri,
911 1303 943 1335 4.
970 1300 1133 1339 Anastasi,
1160 1301 1213 1340 qui
1237 1301 1277 1332 de
1304 1301 1370 1333 vasi

327 1350 398 1383 Rex
424 1350 550 1382 Christe
573 1349 826 1389 clementissime,
1013 1348 1133 1380 Nostra
1157 1349 1267 1381 condis
1291 1349 1484 1390 precamina,

279 1397 375 1430 Solve
402 1400 475 1430 vota
498 1397 567 1429 Deo
592 1399 678 1436 nota,
970 1396 1067 1435 Quem
1080 1396 1252 1438 precando,
1272 1404 1365 1435 quem
1375 1395 1541 1428 laudando

325 1444 851 1478 Aeternerexaltissime.
1018 1444 1154 1476 Beata
1178 1443 1301 1475 nobis
1326 1444 1495 1485 gaudia.

564 1506 595 1536 5.
622 1502 834 1541 TrOJanorum
859 1501 915 1532 lux
940 1501 1095 1539 vivorum,

669 1549 762 1581 Tolle
787 1551 913 1580 tuorum
940 1549 1091 1588 carmina,

619 1597 680 1636 Qui
703 1599 737 1627 te
760 1596 896 1628 laudant
918 1599 1014 1636 atque
1033 1597 1184 1633 clamant,

671 1645 862 1676 Aeterna
887 1644 1000 1676 coeli
1025 1643 1176 1684 gloria.

217 1777 235 1804 d
293 1740 378 1805 gia-ev.
407 1748 460 1767 ms.
481 1740 641 1775 Trojanum
672 1747 748 1766 saec.
773 1737 817 1766 15.
858 1738 926 1766 Cod.
948 1739 1136 1775 Neapolitan.
1157 1738 1200 1765 VI
1219 1737 1246 1764 E
1269 1736 1313 1766 16.
1334 1752 1371 1756 -
1392 1736 1419 1770 2,
1441 1736 1458 1763 ἐξ
1478 1739 1546 1766 Deo

237 1786 291 1805 evo
326 1798 332 1804 .

653 1906 719 1937 392.
749 1906 793 1937 De
814 1906 921 1937 sancto
941 1906 1103 1937 Pontiano.

784 1983 833 2012 Ad
852 1983 980 2013 Laudes.

221 2069 252 2102 1.
281 2067 306 2100 Ο
332 2068 515 2099 sanctorum
541 2063 701 2105 suffragia,
913 2064 944 2097 3.
970 2063 1181 2103 Trojanorum
1208 2063 1401 2094 sanctissimi

284 2116 372 2155 Quae
396 2114 517 2146 nostris
541 2113 604 2155 piis
629 2111 761 2143 vocibus
972 2110 1209 2143 Gubernatores
1235 2111 1357 2154 optimi,

277 2163 347 2196 Deo
375 2162 491 2195 devote
514 2161 694 2203 psallimuS,
971 2158 1093 2191 Solvite
1117 2161 1227 2190 nostra
1253 2159 1387 2191 crimina

276 2211 421 2245 Reddite
445 2210 538 2242 nobis
563 2207 716 2250 praemia.
971 2208 1086 2239 Pacem
1111 2206 1272 2246 sequendo
1297 2206 1438 2240 Domini.

218 2273 250 2304 2.
276 2270 384 2302 Decus
410 2270 594 2301 sanctorum
621 2265 770 2305 omnium,
913 2266 946 2298 4.
974 2264 998 2297 O
1024 2263 1131 2305 magni
1156 2264 1240 2304 regis
1266 2264 1394 2304 milites,

277 2317 434 2351 Pontiane
460 2325 531 2349 cum
557 2314 663 2354 sociis,
972 2312 1030 2351 Qui
1055 2314 1166 2345 nostra
1190 2312 1275 2344 mala
1299 2313 1431 2353 pellitis,

276 2365 344 2398 Nos
369 2367 441 2396 tuos
468 2365 581 2405 dignos
606 2362 758 2404 praemiis
970 2360 1084 2392 Estote
1110 2368 1216 2391 coram
1242 2361 1363 2401 angelis

276 2413 393 2447 Facias
419 2421 489 2444 esse
514 2412 705 2452 supplicum.
971 2407 1072 2440 Nobis
1098 2408 1202 2440 sancti
1227 2409 1397 2443 antistites.
