1651 2621
758 137 993 172 *ῃ*

218 234 249 266 5.
275 232 428 266 Extensis
455 232 581 266 Christo
607 233 747 266 brachiis

277 280 348 313 Duo
374 281 571 320 praebentur
595 281 684 322 socii,

274 328 352 360 Istis
378 328 472 369 lignis
497 328 655 367 impositis

275 375 350 408 Bini
376 375 589 416 stipendiarii.

908 235 938 267 6.
966 233 1019 265 Illi
1044 233 1105 265 soli
1131 233 1174 266 sit
1198 233 1309 275 gloria,

967 281 1025 319 Qui
1050 290 1110 321 pro
1136 281 1251 313 nostris
1279 280 1461 313 criminibus

967 330 1085 361 Passus
1111 332 1223 369 aperta
1248 328 1380 361 brachia

965 375 1109 408 Exhibet
1132 376 1377 418 poenitentibus.

293 450 377 477 Brev.
398 457 451 477 ms.
466 449 496 478 S.
512 449 621 478 Graiae
634 451 805 486 Bergomen.
828 458 904 477 saec.
928 447 1001 478 1⁵l10.
1037 450 1106 478 Ood.
1121 451 1306 479 Ambrosian.
1322 450 1347 477 T
1366 447 1404 477 43
1419 458 1482 485 sup.
1497 462 1534 467 —

218 484 243 521 1,
265 485 281 514 1
301 488 337 515 In
358 489 526 516 sanctorum
548 487 656 515 decem.
673 504 708 508 —
730 487 755 519 1,
776 485 794 514 2
816 490 956 524 resurget.
973 503 1008 508 ——
1027 487 1054 521 4,
1075 486 1093 515 53
1108 489 1150 517 Ut
1169 489 1249 516 fehlt.
1265 503 1302 508 —
1319 487 1345 521 Γι,
1363 487 1378 515 1
1393 488 1533 515 Extenso.

683 609 712 640 4.
743 609 787 640 De
808 610 915 640 sancto
937 609 1078 641 Achatio.

778 687 827 716 Ad
847 686 974 716 Laudes.

222 756 252 789 1.
279 755 481 795 Lapidantur
505 755 679 788 crudeliter

279 803 320 835 Et
345 801 548 844 flagellantur
573 803 730 843 nequiter,

279 850 480 883 Coronantur
504 851 622 883 aculeis

277 898 322 929 Et
345 897 553 938 perforantur
578 898 704 939 gladiis.

219 956 250 989 2.
275 955 334 987 Via
360 964 532 997 conspersa
557 955 683 987 tribulis

284 1002 394 1035 Sancti
422 1004 581 1035 ducuntur
605 1005 774 1045 martyres,

277 1050 477 1083 Mundantur
502 1050 559 1082 secl
583 1049 623 1082 ab
649 1050 781 1092 angelis,

278 1098 326 1130 Ut
348 1098 425 1129 inde
449 1099 595 1138 pergant,
625 1098 740 1129 decies.

219 1155 250 1187 3.
278 1154 489 1195 Baptizantur
513 1154 546 1186 in
573 1154 726 1194 sanguine

279 1201 503 1242 Unusquisque
531 1202 565 1233 in
590 1202 732 1244 proprio,

278 1250 316 1282 In
341 1250 408 1281 solo
434 1250 513 1283 Jesu
535 1249 664 1281 nomine

277 1295 361 1329 Fide
381 1299 525 1337 puguant
548 1297 580 1328 in
607 1296 721 1328 stadio.

911 957 927 987 27!

910 758 940 790 4.
967 756 1068 788 Orant
1090 756 1125 787 in
1148 754 1243 794 lignis
1267 754 1365 795 positi

968 803 1207 837 Circumvallati
1231 802 1363 841 angelis,

966 851 1070 883 Extra
1093 850 1203 891 poenis
1228 849 1378 889 impositi,

966 898 1055 930 Intus
1081 898 1196 937 repleti
1220 898 1354 938 gaudiis.

932 981 938 986 .
967 955 1102 987 Tantum
1128 954 1259 993 prodest
1281 954 1437 993 jeJunium

967 1002 1088 1033 Horum
1114 1004 1295 1033 sanctorum
1321 1001 1457 1040 vigiliae,

968 1050 1065 1087 Quam
1100 1049 1128 1081 si
1152 1057 1211 1088 per
1236 1057 1353 1080 annum
1377 1049 1534 1087 integrum

966 1097 1042 1135 Quis
1066 1105 1102 1128 se
1129 1096 1274 1128 domaret
1298 1104 1422 1136 aspere.

932 1178 939 1185 .
967 1153 1020 1185 lili
1043 1154 1104 1185 soli
1128 1154 1171 1184 sit
1195 1153 1306 1193 gloria,

966 1201 1027 1239 Qui
1050 1209 1110 1241 pro
1134 1200 1253 1232 nostris
1279 1199 1464 1231 criminibus

968 1249 1083 1280 Passus
1110 1250 1222 1288 aperta
1247 1247 1379 1279 brachia

965 1295 1106 1328 Exhibet
1131 1295 1377 1335 poenitentibus.

296 1372 379 1399 Brev.
399 1380 453 1399 ms.
468 1371 498 1399 S.
514 1371 624 1399 Gratae
640 1371 811 1406 ssergomeu.
849 1378 910 1398 aec.
928 1368 953 1387 1:
968 1379 1002 1397 ic.
1035 1370 1104 1398 Cod.
1119 1370 1304 1398 Ambrosiam.
1323 1370 1348 1397 T
1361 1368 1399 1398 43
1416 1378 1480 1405 sup.
1496 1385 1513 1389 —

217 1409 342 1438 Scheint
360 1419 416 1437 nur
435 1410 542 1437 divisio
564 1409 614 1437 des
636 1408 895 1444 vorlici-gehenden
916 1409 1051 1443 Hymnus·
1072 1417 1107 1435 zu
1128 1410 1200 1435 sein.

707 1530 734 1561 5.
766 1530 808 1560 De
829 1529 939 1560 sancta
959 1528 1048 1560 Afra.

764 1606 813 1636 Ad
831 1606 989 1645 Vesperas.

222 1679 254 1711 1.
280 1678 368 1716 ἄθεα,
396 1678 581 1718 redemptor
606 1677 753 1717 omnium,

282 1725 342 1764 Qui
367 1734 400 1757 es
427 1734 543 1757 corona
567 1727 754 1764 martyrum,

280 1772 408 1806 Nostris
432 1773 568 1805 intende
590 1772 740 1805 laudibus

279 1820 381 1854 Novis
406 1821 552 1860 placatus
578 1821 735 1854 cantibus.

221 1881 253 1911 2.
279 1878 361 1917 Rex,
386 1878 441 1919 qui
464 1876 552 1909 feras
577 1877 726 1910 humilias

280 1927 324 1959 Et
348 1926 467 1958 sanctis
494 1925 695 1965 reconcilias,

278 1974 407 2007 Exaudi
433 1970 518 2006 riunc
542 1974 735 2013 precamina,

280 2021 402 2054 Nostra
426 2021 537 2053 relaxa
564 2020 705 2053 crimina.

219 2083 251 2114 3.
278 2080 381 2113 Beata
408 2077 502 2120 Afra,
526 2078 644 2110 nobilis

279 2129 367 2169 Quae
390 2136 472 2159 uxor
497 2125 558 2158 fuit
584 2125 718 2165 comitis,

281 2176 358 2210 Cum
390 2174 482 2206 audit
505 2174 608 2207 virum
632 2175 801 2217 mortuum,

280 2222 392 2265 Pergit
416 2223 457 2255 ad
483 2222 763 2262 amphitheatrum.

219 2283 252 2316 4,
278 2280 333 2314 Sic
356 2279 502 2313 Adriano
525 2279 686 2321 loquitur:

277 2329 381 2361 Deum
405 2336 498 2368 quem
523 2328 611 2368 colis,
636 2326 759 2359 idolum

279 2378 377 2411 ‚Iussu
401 2377 585 2408 sanctorum
609 2381 785 2415 martyrum

279 2425 459 2457 Redaetum
485 2427 534 2456 est
558 2424 598 2456 ad
626 2423 787 2464 abyssum.

911 1678 941 1711 5.
969 1677 1038 1708 Tua
1061 1685 1135 1710 vero
1160 1675 1298 1717 perfidia

968 1724 1120 1757 Remansi
1145 1733 1201 1765 ego
1227 1724 1334 1765 vidua,

969 1772 1048 1811 Quia
1074 1781 1145 1803 cum
1168 1772 1387 1804 sacerdotibus

972 1820 1159 1859 Peremptus
1184 1822 1234 1851 est
1256 1820 1400 1852 Italicus.

935 1903 942 1910 .
969 1876 1084 1909 Statim
1108 1877 1150 1909 ad
1173 1877 1274 1917 pedes
1297 1878 1473 1916 martyrum

968 1926 1135 1957 Prostrata
1159 1925 1245 1965 ipsos
1270 1923 1402 1964 flagitat,

968 1972 1014 2005 Ut
1042 1981 1138 2012 prece
1162 1974 1274 2004 sancta
1297 1972 1438 2011 ipsorum

968 2020 1117 2053 Divinam
1142 2024 1246 2051 suniat
1270 2020 1414 2060 gratiam.

933 2103 940 2109 .
969 2078 997 2109 A
1023 2078 1112 2109 terra
1136 2079 1211 2109 tunc
1236 2077 1378 2118 erigitur,

969 2125 1094 2158 Sanctis
1119 2126 1178 2158 Dei
1205 2125 1400 2165 martyribus

968 2172 1131 2213 Simulque
1154 2172 1357 2207 benedicitur

967 2219 1050 2252 Afra
1075 2229 1145 2252 cum
1171 2220 1372 2253 animalibus.

935 2304 942 2311 .
970 2277 1148 2318 Statimque
1172 2278 1198 2310 it
1221 2278 1254 2311 in
1281 2286 1420 2310 eremum

968 2326 1066 2360 :iussu
1093 2329 1275 2358 sanctorum
1299 2328 1486 2368 martyrum‚

968 2372 1047 2406 Cum
1071 2373 1149 2406 feris
1173 2374 1364 2406 animalibus

967 2421 1116 2456 Custodit
1140 2430 1208 2455 eam
1229 2423 1394 2456 Dominus,
