1651 2621
755 147 1006 182 —112—

647 242 708 273 182.
738 240 780 272 De
803 240 911 272 sancto
935 235 1123 268 Geminiano.

773 316 821 345 Ad
840 316 995 352 Vesperas.

230 389 262 420 1.
287 388 381 420 Felix
406 386 446 418 de
472 387 566 418 coelis
590 387 693 426 gratia
911 384 943 415 4.
970 378 1126 420 Martyris
1148 385 1257 408 zonam
1282 373 1385 405 tenuit

288 435 409 466 Mundo
435 432 570 473 refulget
592 433 698 474 hodie,
968 428 1079 461 Hostis
1106 424 1276 457 devincens
1300 420 1414 473 funera

289 482 382 513 Nunc
407 489 479 520 ergo
507 489 575 512 cum
599 480 723 512 Jaetitia
967 475 1012 507 Et
1038 476 1078 507 de
1102 471 1264 510 triumpho
1289 470 1406 500 merult

288 529 478 568 Hymnum
501 536 676 559 canamus
693 526 849 566 gloriae.
967 525 1155 554 Aeterna
1168 516 1331 550 Christi
1357 523 1446 546 mun
1458 522 1537 546 era.

232 587 263 617 2.
292 583 469 617 Geminiani
493 584 672 622 promicant
912 583 945 613 5.
973 579 1036 611 Sed
1061 579 1097 610 ut
1122 574 1284 607 consessor
1309 572 1424 604 colitur

290 632 436 664 Gloriosa
462 631 623 671 solemnia,
964 627 994 658 A
1019 626 1073 666 pia
1098 631 1182 655 nune
1205 620 1348 658 eeclesia,

291 679 377 717 Quae
399 678 573 709 colentibus
598 677 742 708 indicant
968 674 1052 706 Nam
1077 672 1135 703 tali
1161 670 1257 702 choro
1283 667 1401 699 fruitur
1432 713 1438 719 ¹

287 726 419 758 Beata
443 725 567 756 nobis
593 723 756 764 gaudia.
968 724 1160 754 Aeterna
1187 716 1300 749 coeli
1325 715 1481 756 glor1a.

232 783 264 815 3.
290 782 440 813 Bormam
467 781 566 820 gessit
589 780 724 819 aposto1i
911 781 941 813 6.
971 779 1125 811 Coronam
1153 772 1366 806 continentiae

290 829 358 861 Coli
384 828 542 861 Christum
566 827 594 857 is
618 827 774 866 inquiens,
967 825 1047 857 Fert
1071 824 1145 855 ante
1168 822 1274 853 lumen
1296 819 1449 851 luminum

289 876 476 913 Cultumque
500 874 613 905 stravit
637 874 716 905 idoli
970 873 1058 904 Tuae
1082 870 1222 909 repletus
1246 868 1379 908 gratiae,

287 922 466 953 Verbum
500 929 726 960 supernum
755 929 852 959 pro-
970 920 1088 957 Jesu,
1117 924 1272 948 corona
1294 915 1520 955 virginum.

633 968 674 999 di
683 976 701 998 e
709 977 729 998 n
739 976 764 1000 s,

589 1025 619 1056 7.
646 1023 824 1055 Geminiani
848 1024 997 1063 precibus

646 1070 763 1110 Calpas
791 1071 924 1102 dimittis
948 1071 1103 1101 scelerum

646 1117 773 1149 Cunctis
800 1126 869 1149 eum
896 1118 1081 1157 colentibuS,

644 1165 853 1197 Conditor
878 1165 984 1196 alme
1008 1165 1210 1196 siderum.

304 1233 395 1260 Pralt.
426 1239 479 1258 ms.
498 1231 666 1257 Mutinense
692 1238 768 1257 saec.
790 1228 834 1257 14.
876 1230 945 1258 Cod.
970 1231 1063 1266 Capit.
1083 1229 1227 1257 Mutinen.
1254 1228 1278 1256 O
1303 1228 1334 1255 H
1360 1227 1388 1255 Ν
1409 1225 1426 1254 5
1445 1226 1480 1253 A.
1501 1241 1537 1245 —

227 1271 317 1298 Psait.
336 1279 389 1297 mr..
409 1269 575 1296 Mutinense
597 1276 673 1295 saec.
696 1267 738 1295 15.
774 1268 842 1296 Cod.
865 1269 958 1304 Capit.
972 1269 1116 1295 Mutinen.
1138 1266 1161 1294 O
1181 1267 1228 1294 ΠΙ
1246 1266 1275 1293 Ν
1294 1264 1322 1292 4.
1342 1266 1376 1293 B.
1395 1279 1430 1284 —
1445 1265 1537 1292 Psait.

227 1317 279 1335 ms.
300 1309 466 1335 Mutinense
493 1315 569 1334 saec.
591 1304 635 1333 15.
677 1305 745 1333 Cod.
768 1305 862 1340 Capit.
883 1307 1028 1334 Mutinen.
1050 1307 1074 1334 O
1101 1305 1147 1332 111
1166 1304 1194 1331 Ν
1218 1302 1245 1331 5.
1266 1303 1298 1332 C.
1318 1319 1355 1323 —
1376 1303 1462 1331 Brev.
1483 1312 1536 1330 ms.

226 1345 392 1374 Mutinense
413 1346 484 1372 anni
507 1342 588 1372 1476.
629 1343 700 1370 Cod.
721 1344 815 1379 Capit.
835 1345 979 1372 Mutinen.
1003 1344 1027 1372 Ο
1047 1345 1063 1371 1
1082 1343 1110 1371 Ν
1133 1341 1156 1369 1.
1176 1343 1214 1370 D.
1233 1357 1272 1362 —
1292 1339 1319 1375 3,
1339 1340 1357 1368 2
1376 1342 1423 1369 his
1443 1341 1503 1368 BC.

649 1493 709 1524 183.
737 1493 780 1524 De
799 1493 905 1524 saneto
928 1491 1115 1523 Geminiano.

754 1570 803 1599 Ad
822 1570 868 1599 No
873 1572 1013 1599 atui-num.

232 1641 261 1674 1.
288 1640 400 1672 Laude
426 1639 521 1679 digna
544 1640 600 1671 lux
627 1640 658 1670 et
682 1639 773 1679 signa
911 1640 942 1670 4.
968 1637 1104 1670 Attilani
1127 1637 1193 1676 jam
1218 1635 1346 1677 profani

335 1686 512 1719 Geminiani
538 1686 682 1724 redeunt,
1019 1684 1141 1716 Stravit
1168 1683 1285 1716 furoris
1309 1685 1441 1724 scelera,

289 1734 385 1773 Cujus
412 1732 500 1764 festis
522 1734 588 1772 Jam
615 1733 758 1764 coelestis
970 1732 1064 1763 More
1087 1730 1185 1771 floris,
1213 1740 1305 1771 quem
1332 1732 1472 1763 dulcoris

335 1780 493 1813 Vexilla
517 1780 622 1819 regis
645 1780 853 1819 prodeunt.
1017 1778 1155 1811 Enixa
1180 1781 1245 1810 est
1269 1788 1491 1819 puerpera.

229 1840 262 1871 2.
289 1838 390 1869 Nobis
414 1838 507 1867 natus
532 1836 659 1875 praesul
687 1836 779 1867 datus
913 1837 945 1868 5.
971 1836 1087 1876 Aegris
1115 1835 1198 1867 datis
1224 1836 1388 1876 sospitatis

335 1885 387 1917 Ex
410 1883 584 1914 Mutinensi
609 1883 739 1924 gremio,
1018 1883 1111 1915 Dono
1138 1883 1258 1914 cunetis
1282 1884 1316 1915 in
1342 1882 1454 1915 funere

290 1932 386 1970 Quem
414 1930 549 1961 honoras
576 1933 608 1961 et
633 1931 774 1971 decom,
972 1931 1068 1962 Plebs
1090 1930 1238 1971 laetatur,
1267 1940 1337 1962 cum
1359 1931 1507 1961 humatur

337 1979 442 2017 Jew,
468 1978 853 2017 nostraredemptio.
1019 1979 1107 2012 Jam
1132 1978 1244 2009 lucis
1270 1981 1363 2009 orto
1381 1977 1539 2010 sidere.

231 2037 262 2068 3.
288 2035 352 2067 Hic
376 2045 395 2066 a
417 2036 508 2073 grat-a
531 2033 622 2074 fugat
644 2037 721 2066 nata
914 2036 943 2067 6.
971 2035 1079 2067 Plebis
1103 2035 1218 2072 luctus,
1245 2035 1346 2065 amnis
1370 2032 1484 2066 fluctus

336 2082 355 2114 J
357 2081 459 2113 oviani
488 2081 683 2112 daemonium
1020 2081 1204 2115 Invadentis
1233 2081 1400 2113 ecclesiam

289 2129 378 2160 Tuae
403 2128 497 2167 digno
524 2128 626 2159 crucis
651 2130 749 2171 signo,
972 2129 1082 2169 Sedat,
1111 2128 1194 2168 grati
1219 2137 1276 2160 nos
1300 2128 1416 2162 salvati

338 2177 458 2216 JeSU,
493 2175 739 2215 redemptor
774 2185 853 2207 om·
1019 2176 1262 2208 Laudemus
1312 2176 1480 2209 Christi

626 2224 747 2256 nium.
1311 2225 1505 2264 gratiam,

566 2280 597 2313 7.
624 2279 703 2312 Post
725 2279 805 2311 haec
831 2279 933 2310 diram
958 2278 1080 2320 frangit
1103 2279 1184 2311 iram

674 2327 738 2358 Hie
762 2327 812 2360 Un
817 2335 963 2366 garorum
991 2327 1135 2367 coelituS,

631 2375 696 2414 Quo
725 2375 850 2406 salvare
873 2383 930 2406 nos
958 2375 1099 2415 dignare,

673 2422 796 2464 Veni,
823 2424 995 2455 creator
1020 2422 1221 2463 spiritus.
