1651 2621
735 116 995 152 —183-

599 215 631 246 9.
659 212 806 245 Summae
830 213 917 245 Deus
941 215 1080 255 pietatis,

653 260 743 292 Tuae
769 261 850 293 dono
875 261 1027 294 bonitatis

657 307 757 340 Nobis
783 309 902 349 largire
925 309 1059 349 gratiam

654 355 803 388 Merendi
830 356 911 389 coeli
935 357 1083 397 patriam.

280 420 365 448 Cant.
383 428 438 448 ms.
460 421 490 449 S.
510 421 625 449 Mariae
644 420 741 449 Usi-ani
759 430 836 450 saec.
858 420 904 450 14.
947 422 1017 451 eod.
1037 424 1200 451 Ravennat.
1224 420 1288 451 129.
1308 422 1335 452 5.
1355 424 1394 451 H.
1414 437 1451 442 —
1468 423 1519 450 Ais

202 458 341 493 Hymnus
361 459 548 495 bezeichnet3
570 459 648 487 nach
668 459 725 487 Str.
745 458 765 487 4
786 461 914 489 Divisio.

606 599 674 632 309.
704 601 747 632 De
766 608 790 632 s.
810 600 912 632 Maria
930 601 1128 642 iilagclalena.

205 682 238 714 1,
265 680 339 712 Lux
362 681 470 720 magni
497 679 599 722 fuiget
619 681 758 713 numinis
896 682 929 716 4.
953 683 1124 722 Postquam
1149 681 1294 714 Christus
1319 682 1361 714 ad
1385 682 1494 714 sidera

263 728 314 759 Ex
340 728 555 768 Magdalenae
580 727 692 768 gloria,
956 729 1118 761 scandens
1143 730 1294 761 mundum
1321 729 1471 772 deseruit,

264 775 363 814 Quam
397 775 437 807 de
460 774 622 816 profundo
649 774 790 807 oriminis
954 777 1033 808 Mox
1056 777 1136 809 haee
1163 777 1281 809 deserti
1305 785 1421 816 aspera

262 822 423 854 Exhausit
448 823 568 856 Christi
593 823 706 863 gratia.
953 824 1018 856 Ter
1044 825 1133 857 denis
1159 825 1249 857 annis
1273 825 1379 857 coluit.

202 881 235 912 2.
263 879 367 911 Nardi
399 879 561 911 commixti
586 880 694 911 unctio
896 881 926 914 5.
954 881 1092 921 Postque
1117 882 1158 913 ad
1185 881 1264 913 coeli
1290 881 1406 922 gaudia

262 926 421 959 Lacrimis
448 927 540 959 dedit
562 928 698 970 veniam,
955 927 1082 961 Christo
1105 932 1240 960 vocante
1264 928 1391 960 ducitur

262 974 316 1006 1111
341 977 437 1015 atque
464 974 613 1006 contritio
953 975 1066 1014 ibique
1093 975 1209 1008 Christi
1234 977 1338 1016 gratia

262 1021 383 1054 Salutis
408 1022 484 1053 tulit
507 1021 654 1061 gratiam.
952 1022 1130 1054 Duodecim
1156 1023 1349 1062 adjungitur.

200 1081 236 1113 3.
262 1078 305 1111 Ei
330 1087 463 1119 surgens
491 1079 531 1110 de
556 1078 669 1110 funere
894 1082 925 1113 6.
951 1079 1017 1112 Ubi
1041 1079 1166 1111 Mariae
1190 1079 1340 1120 precibus

261 1126 369 1158 Primo
393 1125 539 1159 Christus
564 1126 725 1166 apparuit,
953 1127 1023 1158 Tua
1046 1126 1188 1159 fruamur
1212 1127 1326 1170 gratia,

261 1174 490 1213 Apostolisque
515 1182 654 1213 propere
951 1174 1088 1214 Ghriste‚
1113 1175 1168 1214 qui
1189 1174 1223 1206 iu
1247 1175 1436 1207 coelestibus

260 1220 447 1253 Surrexisse
473 1221 619 1253 asseruit.
952 1221 1086 1262 Semper
1110 1230 1224 1262 regnas
1246 1230 1317 1253 cum
1341 1222 1455 1262 gloria.

277 1286 370 1315 Psalt.
392 1295 446 1314 ms.
467 1286 637 1314 Mutinense
657 1294 732 1315 saec.
756 1284 800 1314 14.
842 1285 911 1313 Cod.
934 1285 1028 1323 Capit.
1048 1287 1191 1314 Mutinen.
1217 1287 1241 1314 O
1260 1287 1293 1314 Π
1311 1287 1346 1316 Ν.
1366 1284 1393 1314 5.

589 1415 649 1449 310.
680 1416 725 1448 De
746 1417 857 1448 saneta
876 1417 977 1448 Maria
999 1415 1134 1448 Salome.

747 1494 796 1524 Ad
816 1494 973 1532 Vesperas.

200 1565 230 1598 1.
259 1564 356 1597 Lucis
382 1565 515 1596 lucerna
540 1565 663 1602 claruit,
894 1566 925 1597 4.
953 1564 1043 1596 Haec
1067 1564 1109 1596 ad
1136 1564 1255 1597 Christi
1279 1565 1436 1603 martyria

257 1612 346 1651 Quae
372 1612 426 1645 diu
451 1613 570 1644 mundo
594 1612 700 1651 latuit,
950 1611 1062 1651 Longa
1084 1611 1215 1643 trahens
1240 1612 1380 1651 suspiria

256 1659 354 1693 Soror
379 1660 493 1692 beatae
518 1659 661 1700 virginis,
951 1659 1105 1691 Plorabat
1130 1668 1200 1690 cum
1225 1660 1399 1700 sororibus,

256 1708 345 1748 Quae
367 1706 459 1740 nefas
483 1708 564 1741 lavit
590 1707 742 1741 oriminis,
951 1707 1038 1745 Quae
1064 1708 1168 1739 crucis
1193 1707 1321 1739 stabant
1347 1706 1483 1740 foribuS.

196 1768 230 1800 2.
255 1765 417 1807 Splendor
443 1773 601 1806 supernae
627 1765 749 1805 gloriae
891 1766 924 1798 5.
951 1765 1005 1797 Ad
1030 1764 1233 1804 sepulchrum
1260 1764 1452 1796 dominicum

255 1813 358 1845 Nobis
385 1813 543 1845 concessit
569 1821 700 1845 cernere
950 1811 1081 1844 Vultum
1109 1820 1241 1844 cernens
1268 1812 1443 1852 angelicum

255 1860 456 1893 Thesaurum
480 1864 547 1893 tam
571 1860 807 1892 sanctissimum
950 1859 1132 1899 Resurgere
1155 1859 1312 1900 audierat,

256 1908 320 1940 Per
344 1908 524 1948 principem
549 1908 740 1948 apostolum.
949 1907 1047 1946 Quem
1071 1909 1231 1947 unguento
1254 1907 1402 1947 petierat.

196 1969 228 2002 3,
255 1966 347 1999 Haec
373 1968 421 1997 est
445 1965 552 1998 Maria
577 1964 701 2006 Jacobi‚
893 1966 922 1997 6.
952 1963 1019 1995 Nos
1045 1972 1119 2004 ergo
1144 1963 1242 1995 talem
1264 1964 1422 1997 dominam

255 2014 413 2048 Johannis
440 2015 472 2044 et
496 2013 634 2053 apostoli
949 2011 1178 2051 Demeaemur,
1204 2014 1241 2043 ut
1264 2011 1399 2052 gloriam

253 2063 371 2102 Mater,
399 2064 432 2093 et
455 2063 569 2093 Annae
593 2059 670 2102 filia,
951 2058 1126 2091 Coelestem
1151 2058 1243 2091 nobis
1267 2059 1420 2099 impetret

252 2110 305 2144 Ex
331 2109 459 2142 Salome
483 2108 662 2149 progenita.
948 2106 994 2139 Et
1016 2106 1103 2138 omni
1127 2106 1210 2139 malo
1233 2106 1359 2140 liberet.

537 2168 567 2199 7.
595 2166 694 2199 Trino
720 2167 790 2199 laus
816 2166 859 2198 sit
883 2174 943 2206 per
965 2165 1138 2204 saeculum,

598 2214 657 2254 Qui
684 2223 799 2255 corpus
825 2213 1059 2246 lucidissimum

596 2262 768 2295 Revelavit
788 2262 822 2294 in
848 2260 990 2294 vernulis

598 2311 754 2344 Pellendo
777 2311 863 2343 vires
891 2308 1064 2341 daemonis.

272 2378 358 2406 Brev.
384 2387 438 2406 ms.
460 2377 489 2405 S.
510 2377 666 2405 Trinitatis
692 2378 725 2404 in
744 2376 871 2412 Alpibus
899 2375 970 2402 anni
998 2371 1081 2401 1455.
1124 2373 1193 2402 Cod.
1214 2374 1404 2404 Laurentian.
1428 2375 1521 2405 Conv.

191 2427 256 2455 sup.
277 2414 343 2444 512.
364 2431 402 2435 —
423 2413 449 2447 5.
474 2414 488 2443 1
509 2415 610 2444 Vultu.
631 2432 670 2436 —
690 2414 717 2449 7,
738 2413 756 2443 3
775 2416 808 2442 in
827 2413 949 2441 verulis.
