1651 2621
186 1648 205 1679 [Ο

733 97 970 133 ,.-65-.-

215 218 223 225 .
249 193 304 225 Ad
329 196 567 235 expurgandam
593 197 717 229 vineam

247 240 336 273 Deus
360 242 468 282 magni
494 243 617 275 consilii

249 289 398 328 Suscepit
421 288 535 322 falcem
562 289 701 323 ferream

249 336 288 368 In
311 336 427 377 spiritu
449 336 573 377 judicii.

215 418 221 424 .
247 393 378 428 Falcem
404 397 529 426 acutam
554 394 708 426 Dominus

248 442 385 475 Sanctae
408 442 567 483 Brigittae
591 442 714 482 tribuit,

251 490 320 529 Qua
344 490 485 522 cominus
509 493 544 522 et,
568 490 691 522 eminus

253 538 393 578 Ufficas,
416 539 524 578 spinas
545 538 656 571 secuit.

248 594 331 627 Falx
355 597 430 627 sunt
453 595 552 628 verba
577 595 728 627 coelestia

250 643 351 675 Velut
375 641 495 676 ferrum
520 644 670 682 secantia,

252 691 331 723 Cum
356 690 477 734 quibus,
506 693 656 731 quantum
681 690 794 731 potuit,

252 737 402 770 Scribens
429 745 460 770 et
487 739 603 771 docens
627 737 759 779 profuit.

215 822 222 829 .
248 796 321 828 Hoc
346 796 411 835 egit
436 796 552 838 verbis,
580 804 688 836 opere,

248 843 361 875 Missis
385 851 444 883 per
468 844 578 875 orbem
602 844 716 883 literis,

250 891 295 923 Ut
322 891 403 923 dono
429 891 490 923 Dei
518 892 669 924 dexterae

249 938 346 970 Plebs
373 947 487 978 expers
510 939 567 971 fiat
592 939 734 973 sceleris,

892 196 922 228 7.
950 194 995 226 Ut
1020 192 1204 233 expurgatis
1228 192 1377 224 sordibus

948 241 1120 281 Culparum
1144 240 1231 271 velut
1255 239 1398 271 sentibus

947 290 1011 322 Per
1036 286 1159 320 fructus
1184 287 1402 329 poenitentiae

946 336 1109 377 Adquirat
1132 343 1263 376 regnum
1288 335 1418 376 gloriae.

887 397 906 429 8
946 394 1030 426 Dum
1056 403 1075 425 a
1097 392 1245 433 superbis
1270 393 1442 433 spernitur,

947 443 993 476 Ut
1018 444 1088 474 cote
1112 440 1180 473 falx
1205 442 1339 485 acuitur,

946 490 1017 522 Nec
1039 492 1201 529 tamquam
1226 489 1319 521 deses
1342 488 1490 526 mittitur,

946 538 1015 570 Nec
1039 546 1098 578 per
1122 539 1277 569 terrorem
1303 535 1471 577 frangitur.

888 597 918 629 9.
944 596 1034 628 Haec
1059 598 1132 635 post
1157 595 1221 628 diei
1245 595 1398 639 pondera,

946 645 1064 675 Aestus
1089 646 1257 684 postquam
1282 641 1442 683 sustinuit,

946 691 1128 730 Reportans
1153 691 1248 731 plena
1274 699 1407 722 munera

952 739 1104 771 Coronari
1129 738 1315 778 promeruit.

879 796 1047 836 10.Virgo
1073 796 1150 828 Jesu
1173 804 1342 839 puerpera,

949 843 1028 876 Cum
1053 843 1116 875 ista
1139 847 1250 876 sancta
1274 843 1394 876 femina

948 891 1103 931 Expurga
1127 894 1238 924 nostra
1262 892 1395 932 scelera,

950 938 1044 971 Dona
1070 939 1219 970 virtutum
1245 939 1375 971 semina.

560 996 614 1029 11.
642 995 691 1027 Sit
715 996 774 1028 tibi
798 996 868 1028 laus
894 998 926 1027 et
951 996 1089 1034 claritas,

641 1044 666 1076 O
693 1043 864 1077 benedicta
887 1043 1024 1081 trinitas,

638 1090 705 1123 Nos
729 1100 790 1131 per
813 1090 983 1131 Brigittam
1008 1090 1103 1123 visita

636 1138 682 1171 Et
705 1147 725 1171 a
748 1147 858 1171 somno
882 1139 1047 1171 resuscita.

229 1205 315 1233 Brev.
336 1213 390 1232 ms.
410 1204 547 1233 Paradisi
566 1204 698 1232 Florent.
721 1213 796 1232 saec.
819 1202 863 1232 12..
900 1203 969 1232 Coa.
988 1202 1129 1232 Laurent.
1151 1204 1241 1233 Conv.
1263 1212 1326 1239 sup.
1346 1202 1411 1232 459.

541 1296 605 1328 100.
635 1297 668 1329 In
692 1296 926 1329 Translationes
949 1304 972 1327 s.
993 1295 1159 1336 Brigittae.

747 1374 797 1404 Ad
815 1374 944 1404 Laudes.

212 1470 219 1478 .
247 1444 395 1487 Engista,
427 1444 517 1484 pacis
541 1443 671 1484 famula,

246 1492 402 1536 Prudens,
430 1493 567 1531 simplex
594 1495 626 1524 et
649 1493 789 1532 humilis,

247 1540 355 1574 Ardet
378 1541 496 1572 amoris
522 1539 629 1572 facula

244 1589 396 1622 Matrona
421 1587 624 1620 venerabilis.

210 1671 216 1677 .
244 1646 295 1679 Ex
320 1646 490 1686 Aquilonis
516 1645 631 1686 angulo

246 1693 373 1727 Lucens
397 1693 498 1726 nubes
525 1693 682 1733 educitur,

246 1740 311 1774 Per
337 1751 429 1782 quam
456 1742 559 1774 arenti
585 1742 712 1774 saeculo

244 1789 353 1822 Imber
378 1789 525 1822 coelestis
550 1790 698 1823 mittitur.

213 1874 219 1880 .
248 1846 335 1885 Quae
361 1852 410 1878 est
432 1846 505 1887 ista,
533 1856 614 1887 quae
638 1848 752 1880 volitat

244 1895 334 1927 inter
360 1894 439 1926 coeli
466 1894 624 1927 nubecula

244 1942 289 1975 Et
313 1944 349 1973 ut
373 1944 479 1974 turtur
504 1941 648 1974 nidificat

243 1992 336 2024 Intra
360 1990 471 2031 sponsi
497 1990 666 2022 cubicula?

244 2048 371 2082 Vestita
395 2048 478 2080 stola
502 2048 605 2088 nivea,

243 2097 328 2129 Dum
353 2096 532 2129 castitatem
558 2096 712 2137 possidet,

246 2145 343 2177 Velut
367 2144 515 2177 columba
538 2145 643 2177 lactea

242 2194 341 2227 Juxta
365 2192 486 2225 fluenta,
509 2192 640 2226 residet.

242 2251 430 2292 scripturae
463 2253 538 2285 sunt
566 2250 647 2283 haec
670 2248 812 2291 fiumina,

241 2300 362 2341 Quibus
387 2302 481 2339 pasta
504 2298 695 2339 simpliciter

242 2348 395 2381 Pervenit
419 2347 461 2381 acl
488 2348 651 2381 cacumina

242 2395 495 2436 Contemplando
520 2395 691 2430 subtiliter.

239 2456 366 2483 Drwes,
383 2454 472 2482 Hymni
486 2454 582 2478 lnetliti.

877 1447 908 1478 6.
936 1444 978 1478 Ut
1004 1444 1156 1477 Ezechiel
1183 1443 1309 1475 vehitur

933 1493 1023 1524 Inter
1049 1492 1180 1532 eoelum,
1207 1492 1281 1523 dum
1305 1492 1410 1525 modio

934 1540 1033 1572 Statu
1056 1539 1186 1572 virtutis
1211 1540 1366 1584 graditur7

933 1588 1106 1628 Placetque
1131 1588 1366 1627 contemplatio.

885 1647 914 1680 7.
941 1644 1025 1677 Dum
1051 1645 1165 1677 volitat
1188 1645 1230 1677 ad
1256 1646 1368 1678 ostium

946 1694 966 1727 J
969 1702 1024 1725 esu
1039 1693 1162 1733 plagati
1186 1693 1307 1734 lateris,

946 1740 1109 1774 Secretum
1135 1740 1168 1772 in
1195 1741 1386 1781 colloquium

944 1788 1137 1822 Admittitur
1161 1798 1240 1828 prae
1267 1791 1392 1822 ceteri„

886 1849 917 1881 8.
943 1846 1083 1879 Interius
1109 1845 1266 1877 aerarium

944 1894 1015 1926 Sibi
1039 1894 1132 1927 ‚Iesus
1158 1893 1294 1933 aperuit,

944 1941 1100 1973 Thesauri
1125 1941 1175 1973 sui
1198 1941 1349 1973 scrinium

943 1988 985 2022 Ei
1009 1989 1182 2022 videndum
1208 1989 1366 2029 praebuit.

886 2049 916 2080 9.
942 2049 1071 2079 Arcana
1095 2046 1197 2079 multa
1220 2046 1357 2085 viderat,

943 2099 1029 2134 Quae
1053 2094 1184 2134 scripsit
1208 2104 1285 2127 vera
1309 2097 1401 2136 serie,

943 2142 1013 2175 Nec
1037 2146 1140 2175 tamen
1165 2143 1212 2174 sic
1237 2143 1428 2176 exhauserat

943 2191 1036 2224 Mare
1060 2191 1123 2223 Dei
1147 2192 1310 2225 scientiae.

944 2249 1007 2282 Sed
1033 2249 1100 2289 illa,
1128 2258 1208 2290 quae
1232 2249 1391 2290 proficere

942 2297 1046 2330 Saluti
1069 2301 1203 2339 possunt
1228 2299 1376 2338 omnium,

944 2346 1151 2387 conscripsit,
1179 2347 1310 2380 studens
1335 2348 1478 2387 pandere

941 2395 1043 2428 Nobis
1069 2395 1129 2427 Dei
1151 2395 1318 2435 judicium.

873 2250 928 2283 10.
