<?xml version="1.0" encoding="UTF-8"?>
<!DOCTYPE html PUBLIC "-//W3C//DTD XHTML 1.0 Transitional//EN"
    "http://www.w3.org/TR/xhtml1/DTD/xhtml1-transitional.dtd">
<html xmlns="http://www.w3.org/1999/xhtml" xml:lang="en" lang="en">
 <head>
  <title>
</title>
<meta http-equiv="Content-Type" content="text/html;charset=utf-8" />
  <meta name='ocr-system' content='tesseract 3.04.00' />
  <meta name='ocr-capabilities' content='ocr_page ocr_carea ocr_par ocr_line ocrx_word'/>
</head>
<body>
  <div class='ocr_page' id='page_1' title='image "./analectahymnica22drevuoft_00035.png"; bbox 0 0 1651 2621; ppageno 0'>
   <div class='ocr_carea' id='block_1_1' title="bbox 192 283 223 318">
    <p class='ocr_par' dir='ltr' id='par_1_1' title="bbox 192 283 223 318">
     <span class='ocr_line' id='line_1_1' title="bbox 192 283 223 318; baseline 0.097 -3"><span class='ocrx_word' id='word_1_1' title='bbox 192 283 223 318; x_wconf 87' lang='lat'><strong>1.</strong></span> 
     </span>
    </p>
   </div>
   <div class='ocr_carea' id='block_1_2' title="bbox 187 1371 207 1401">
    <p class='ocr_par' dir='ltr' id='par_1_2' title="bbox 187 1371 207 1401">
     <span class='ocr_line' id='line_1_2' title="bbox 187 1371 207 1401; textangle 90"><span class='ocrx_word' id='word_1_2' title='bbox 187 1371 207 1401; x_wconf 66' lang='grc' dir='ltr'><strong>ΕΟ</strong></span> 
     </span>
    </p>
   </div>
   <div class='ocr_carea' id='block_1_3' title="bbox 717 123 953 157">
    <p class='ocr_par' dir='ltr' id='par_1_3' title="bbox 717 123 953 157">
     <span class='ocr_line' id='line_1_3' title="bbox 717 123 953 157; baseline 0 -9"><span class='ocrx_word' id='word_1_3' title='bbox 717 123 953 157; x_wconf 73' lang='lat'><strong>-32—</strong></span> 
     </span>
    </p>
   </div>
   <div class='ocr_carea' id='block_1_4' title="bbox 641 215 1047 247">
    <p class='ocr_par' dir='ltr' id='par_1_4' title="bbox 641 215 1047 247">
     <span class='ocr_line' id='line_1_4' title="bbox 641 215 1047 247; baseline 0.002 -1"><span class='ocrx_word' id='word_1_4' title='bbox 641 215 691 247; x_wconf 74' lang='lat'><strong>43.</strong></span> <span class='ocrx_word' id='word_1_5' title='bbox 728 216 770 247; x_wconf 87' lang='lat' dir='ltr'><strong>De</strong></span> <span class='ocrx_word' id='word_1_6' title='bbox 790 217 897 247; x_wconf 77' lang='lat' dir='ltr'><strong>saneto</strong></span> <span class='ocrx_word' id='word_1_7' title='bbox 919 216 1047 247; x_wconf 80' lang='lat' dir='ltr'><strong>Aniano.</strong></span> 
     </span>
    </p>
   </div>
   <div class='ocr_carea' id='block_1_5' title="bbox 213 283 1495 854">
    <p class='ocr_par' dir='ltr' id='par_1_5' title="bbox 247 283 1406 514">
     <span class='ocr_line' id='line_1_5' title="bbox 249 283 1388 326; baseline -0.003 -10"><span class='ocrx_word' id='word_1_8' title='bbox 249 284 327 326; x_wconf 82' lang='lat' dir='ltr'><strong>Rex,</strong></span> <span class='ocrx_word' id='word_1_9' title='bbox 354 284 408 324; x_wconf 85' lang='lat' dir='ltr'><strong>qui</strong></span> <span class='ocrx_word' id='word_1_10' title='bbox 433 285 512 317; x_wconf 86' lang='lat' dir='ltr'><strong>coeli</strong></span> <span class='ocrx_word' id='word_1_11' title='bbox 536 288 623 317; x_wconf 84' lang='lat' dir='ltr'><strong>stans</strong></span> <span class='ocrx_word' id='word_1_12' title='bbox 647 286 681 317; x_wconf 88' lang='lat' dir='ltr'><strong>in</strong></span> <span class='ocrx_word' id='word_1_13' title='bbox 705 295 779 318; x_wconf 84' lang='lat' dir='ltr'><strong>arce</strong></span> <span class='ocrx_word' id='word_1_14' title='bbox 869 288 900 319; x_wconf 88' lang='lat'><strong>3.</strong></span> <span class='ocrx_word' id='word_1_15' title='bbox 927 286 1041 318; x_wconf 77' lang='lat' dir='ltr'><strong>Mundi</strong></span> <span class='ocrx_word' id='word_1_16' title='bbox 1067 286 1157 318; x_wconf 91' lang='lat' dir='ltr'><strong>bonis</strong></span> <span class='ocrx_word' id='word_1_17' title='bbox 1182 286 1235 319; x_wconf 84' lang='lat' dir='ltr'><strong>hic</strong></span> <span class='ocrx_word' id='word_1_18' title='bbox 1260 283 1388 316; x_wconf 76' lang='lat' dir='ltr'><strong>caducis</strong></span> 
     </span>
     <span class='ocr_line' id='line_1_6' title="bbox 297 330 1384 373; baseline -0.003 -9"><span class='ocrx_word' id='word_1_19' title='bbox 297 331 424 364; x_wconf 82' lang='lat' dir='ltr'><strong>Cunctis</strong></span> <span class='ocrx_word' id='word_1_20' title='bbox 449 341 599 372; x_wconf 82' lang='lat' dir='ltr'>praesens</span> <span class='ocrx_word' id='word_1_21' title='bbox 624 334 760 373; x_wconf 87' lang='lat' dir='ltr'><strong>populis,</strong></span> <span class='ocrx_word' id='word_1_22' title='bbox 973 333 1114 366; x_wconf 81' lang='lat' dir='ltr'><strong>Mentem</strong></span> <span class='ocrx_word' id='word_1_23' title='bbox 1140 343 1203 366; x_wconf 90' lang='lat' dir='ltr'><strong>non</strong></span> <span class='ocrx_word' id='word_1_24' title='bbox 1229 330 1384 372; x_wconf 81' lang='lat' dir='ltr'><strong>apposuit,</strong></span> 
     </span>
     <span class='ocr_line' id='line_1_7' title="bbox 247 377 1400 421; baseline -0.003 -10"><span class='ocrx_word' id='word_1_25' title='bbox 247 379 419 411; x_wconf 78' lang='lat' dir='ltr'><strong>Miseratus</strong></span> <span class='ocrx_word' id='word_1_26' title='bbox 443 379 535 411; x_wconf 87' lang='lat' dir='ltr'><strong>nobis</strong></span> <span class='ocrx_word' id='word_1_27' title='bbox 559 388 656 419; x_wconf 79' lang='lat' dir='ltr'><strong>parce</strong></span> <span class='ocrx_word' id='word_1_28' title='bbox 932 380 996 413; x_wconf 88' lang='lat' dir='ltr'><strong>Sed</strong></span> <span class='ocrx_word' id='word_1_29' title='bbox 1020 382 1150 421; x_wconf 81' lang='lat' dir='ltr'>superni</span> <span class='ocrx_word' id='word_1_30' title='bbox 1175 388 1285 413; x_wconf 86' lang='lat' dir='ltr'><strong>servus</strong></span> <span class='ocrx_word' id='word_1_31' title='bbox 1311 377 1400 410; x_wconf 84' lang='lat' dir='ltr'><strong>ducis</strong></span> 
     </span>
     <span class='ocr_line' id='line_1_8' title="bbox 295 426 1354 466; baseline -0.001 -9"><span class='ocrx_word' id='word_1_32' title='bbox 295 426 340 458; x_wconf 84' lang='lat' dir='ltr'><strong>Et</strong></span> <span class='ocrx_word' id='word_1_33' title='bbox 364 435 383 457; x_wconf 86' lang='lat' dir='ltr'>a</span> <span class='ocrx_word' id='word_1_34' title='bbox 405 427 467 458; x_wconf 89' lang='lat' dir='ltr'><strong>tuis</strong></span> <span class='ocrx_word' id='word_1_35' title='bbox 492 426 627 459; x_wconf 86' lang='lat' dir='ltr'><strong>servulis</strong></span> <span class='ocrx_word' id='word_1_36' title='bbox 975 429 1066 460; x_wconf 75' lang='lat' dir='ltr'><strong>Bona</strong></span> <span class='ocrx_word' id='word_1_37' title='bbox 1088 429 1198 460; x_wconf 86' lang='lat' dir='ltr'><strong>mundi</strong></span> <span class='ocrx_word' id='word_1_38' title='bbox 1221 426 1354 466; x_wconf 78' lang='lat' dir='ltr'><strong>respuit,</strong></span> 
     </span>
     <span class='ocr_line' id='line_1_9' title="bbox 250 472 1406 514; baseline -0.001 -10"><span class='ocrx_word' id='word_1_39' title='bbox 250 473 367 505; x_wconf 75' lang='lat' dir='ltr'><strong>Procui</strong></span> <span class='ocrx_word' id='word_1_40' title='bbox 391 482 498 505; x_wconf 87' lang='lat' dir='ltr'><strong>omnes</strong></span> <span class='ocrx_word' id='word_1_41' title='bbox 523 473 649 506; x_wconf 88' lang='lat' dir='ltr'><strong>morbos</strong></span> <span class='ocrx_word' id='word_1_42' title='bbox 674 483 748 506; x_wconf 81' lang='lat' dir='ltr'><strong>arce</strong></span> <span class='ocrx_word' id='word_1_43' title='bbox 929 476 988 514; x_wconf 73' lang='lat' dir='ltr'><strong>Qui</strong></span> <span class='ocrx_word' id='word_1_44' title='bbox 1011 475 1045 506; x_wconf 92' lang='lat' dir='ltr'><strong>in</strong></span> <span class='ocrx_word' id='word_1_45' title='bbox 1069 476 1182 507; x_wconf 80' lang='lat' dir='ltr'>throno</span> <span class='ocrx_word' id='word_1_46' title='bbox 1207 482 1302 507; x_wconf 87' lang='lat' dir='ltr'><strong>verae</strong></span> <span class='ocrx_word' id='word_1_47' title='bbox 1326 472 1406 504; x_wconf 81' lang='lat' dir='ltr'><strong>lucis</strong></span> 
     </span>
    </p>

    <p class='ocr_par' dir='ltr' id='par_1_6' title="bbox 294 520 1276 561">
     <span class='ocr_line' id='line_1_10' title="bbox 294 520 1276 561; baseline 0.001 -9"><span class='ocrx_word' id='word_1_48' title='bbox 294 520 481 552; x_wconf 84' lang='lat' dir='ltr'><strong>Interventu</strong></span> <span class='ocrx_word' id='word_1_49' title='bbox 505 522 672 561; x_wconf 80' lang='lat' dir='ltr'><strong>praesulis.</strong></span> <span class='ocrx_word' id='word_1_50' title='bbox 975 523 1128 555; x_wconf 87' lang='lat' dir='ltr'><strong>Coronari</strong></span> <span class='ocrx_word' id='word_1_51' title='bbox 1152 522 1276 554; x_wconf 86' lang='lat' dir='ltr'><strong>meruit.</strong></span> 
     </span>
    </p>

    <p class='ocr_par' dir='ltr' id='par_1_7' title="bbox 213 575 1495 713">
     <span class='ocr_line' id='line_1_11' title="bbox 213 575 1461 621; baseline -0.002 -13"><span class='ocrx_word' id='word_1_52' title='bbox 213 600 220 608; x_wconf 94' lang='lat'><strong>.</strong></span> <span class='ocrx_word' id='word_1_53' title='bbox 249 576 375 609; x_wconf 88' lang='lat' dir='ltr'><strong>Summe</strong></span> <span class='ocrx_word' id='word_1_54' title='bbox 400 580 501 621; x_wconf 85' lang='lat' dir='ltr'><strong>pater,</strong></span> <span class='ocrx_word' id='word_1_55' title='bbox 528 579 630 610; x_wconf 84' lang='lat' dir='ltr'><strong>saneti</strong></span> <span class='ocrx_word' id='word_1_56' title='bbox 655 579 701 610; x_wconf 88' lang='lat' dir='ltr'><strong>tui</strong></span> <span class='ocrx_word' id='word_1_57' title='bbox 868 581 900 612; x_wconf 71' lang='lat'><strong>4.</strong></span> <span class='ocrx_word' id='word_1_58' title='bbox 927 579 990 610; x_wconf 86' lang='lat' dir='ltr'><strong>Hic.</strong></span> <span class='ocrx_word' id='word_1_59' title='bbox 1012 588 1071 617; x_wconf 87' lang='lat' dir='ltr'><strong>pro</strong></span> <span class='ocrx_word' id='word_1_60' title='bbox 1096 579 1186 610; x_wconf 89' lang='lat' dir='ltr'><strong>nobis</strong></span> <span class='ocrx_word' id='word_1_61' title='bbox 1210 585 1322 618; x_wconf 81' lang='lat' dir='ltr'><strong>preces</strong></span> <span class='ocrx_word' id='word_1_62' title='bbox 1348 575 1461 607; x_wconf 80' lang='lat' dir='ltr'><strong>fundat</strong></span> 
     </span>
     <span class='ocr_line' id='line_1_12' title="bbox 294 624 1412 665; baseline -0.003 -9"><span class='ocrx_word' id='word_1_63' title='bbox 294 624 395 657; x_wconf 85' lang='lat' dir='ltr'><strong>Nobis</strong></span> <span class='ocrx_word' id='word_1_64' title='bbox 420 628 549 664; x_wconf 80' lang='lat' dir='ltr'><strong>praesta</strong></span> <span class='ocrx_word' id='word_1_65' title='bbox 571 625 730 665; x_wconf 86' lang='lat' dir='ltr'><strong>precibus,</strong></span> <span class='ocrx_word' id='word_1_66' title='bbox 975 626 1109 658; x_wconf 80' lang='lat' dir='ltr'><strong>Sanctus</strong></span> <span class='ocrx_word' id='word_1_67' title='bbox 1135 628 1207 657; x_wconf 85' lang='lat' dir='ltr'><strong>ante</strong></span> <span class='ocrx_word' id='word_1_68' title='bbox 1232 624 1412 662; x_wconf 86' lang='lat' dir='ltr'><strong>Dominum,</strong></span> 
     </span>
     <span class='ocr_line' id='line_1_13' title="bbox 247 668 1495 713; baseline -0.003 -9"><span class='ocrx_word' id='word_1_69' title='bbox 247 671 293 704; x_wconf 85' lang='lat' dir='ltr'><strong>Ut</strong></span> <span class='ocrx_word' id='word_1_70' title='bbox 315 672 473 712; x_wconf 83' lang='lat' dir='ltr'><strong>possimus</strong></span> <span class='ocrx_word' id='word_1_71' title='bbox 497 682 555 712; x_wconf 88' lang='lat' dir='ltr'><strong>per</strong></span> <span class='ocrx_word' id='word_1_72' title='bbox 579 675 613 703; x_wconf 83' lang='lat' dir='ltr'><strong>te</strong></span> <span class='ocrx_word' id='word_1_73' title='bbox 636 671 701 704; x_wconf 84' lang='lat' dir='ltr'><strong>frui</strong></span> <span class='ocrx_word' id='word_1_74' title='bbox 927 674 988 713; x_wconf 70' lang='lat' dir='ltr'><strong>Qui</strong></span> <span class='ocrx_word' id='word_1_75' title='bbox 1011 675 1194 704; x_wconf 79' lang='lat' dir='ltr'><strong>sauctorum</strong></span> <span class='ocrx_word' id='word_1_76' title='bbox 1214 674 1336 704; x_wconf 83' lang='lat' dir='ltr'><strong>mentes</strong></span> <span class='ocrx_word' id='word_1_77' title='bbox 1361 668 1495 701; x_wconf 75' lang='lat' dir='ltr'><strong>mundat</strong></span> 
     </span>
    </p>

    <p class='ocr_par' dir='ltr' id='par_1_8' title="bbox 250 719 1470 854">
     <span class='ocr_line' id='line_1_14' title="bbox 295 719 1363 762; baseline 0.001 -11"><span class='ocrx_word' id='word_1_78' title='bbox 295 719 397 751; x_wconf 86' lang='lat' dir='ltr'><strong>Donis</strong></span> <span class='ocrx_word' id='word_1_79' title='bbox 423 719 630 762; x_wconf 80' lang='lat' dir='ltr'><strong>spiritalibus,</strong></span> <span class='ocrx_word' id='word_1_80' title='bbox 974 719 1025 752; x_wconf 91' lang='lat' dir='ltr'><strong>Ab</strong></span> <span class='ocrx_word' id='word_1_81' title='bbox 1053 729 1161 752; x_wconf 88' lang='lat' dir='ltr'><strong>errore</strong></span> <span class='ocrx_word' id='word_1_82' title='bbox 1187 719 1363 752; x_wconf 51' lang='lat' dir='ltr'><strong>criminum.</strong></span> 
     </span>
     <span class='ocr_line' id='line_1_15' title="bbox 250 764 1470 806; baseline -0.001 -9"><span class='ocrx_word' id='word_1_83' title='bbox 250 766 295 797; x_wconf 84' lang='lat' dir='ltr'><strong>Et</strong></span> <span class='ocrx_word' id='word_1_84' title='bbox 318 769 353 798; x_wconf 78' lang='lat' dir='ltr'><strong>ut</strong></span> <span class='ocrx_word' id='word_1_85' title='bbox 379 765 522 798; x_wconf 81' lang='lat' dir='ltr'><strong>Christus</strong></span> <span class='ocrx_word' id='word_1_86' title='bbox 548 767 638 806; x_wconf 88' lang='lat' dir='ltr'><strong>regni</strong></span> <span class='ocrx_word' id='word_1_87' title='bbox 662 767 711 798; x_wconf 91' lang='lat' dir='ltr'><strong>sui</strong></span> <span class='ocrx_word' id='word_1_88' title='bbox 927 767 977 799; x_wconf 82' lang='lat' dir='ltr'><strong>Ne</strong></span> <span class='ocrx_word' id='word_1_89' title='bbox 1002 776 1059 798; x_wconf 88' lang='lat' dir='ltr'><strong>nos</strong></span> <span class='ocrx_word' id='word_1_90' title='bbox 1084 767 1192 799; x_wconf 89' lang='lat' dir='ltr'><strong>turbet</strong></span> <span class='ocrx_word' id='word_1_91' title='bbox 1216 769 1272 799; x_wconf 82' lang='lat' dir='ltr'><strong>aut</strong></span> <span class='ocrx_word' id='word_1_92' title='bbox 1297 764 1470 797; x_wconf 81' lang='lat' dir='ltr'><strong>confundat</strong></span> 
     </span>
     <span class='ocr_line' id='line_1_16' title="bbox 290 813 1410 854; baseline 0.001 -9"><span class='ocrx_word' id='word_1_93' title='bbox 290 814 357 845; x_wconf 75' lang='lat' dir='ltr'><strong>Nos</strong></span> <span class='ocrx_word' id='word_1_94' title='bbox 382 813 535 854; x_wconf 75' lang='lat' dir='ltr'><strong>adjungat</strong></span> <span class='ocrx_word' id='word_1_95' title='bbox 560 813 689 846; x_wconf 85' lang='lat' dir='ltr'><strong>civibus.</strong></span> <span class='ocrx_word' id='word_1_96' title='bbox 974 814 1090 847; x_wconf 79' lang='lat' dir='ltr'>Fallax</span> <span class='ocrx_word' id='word_1_97' title='bbox 1114 814 1214 846; x_wconf 87' lang='lat' dir='ltr'><strong>hostis</strong></span> <span class='ocrx_word' id='word_1_98' title='bbox 1239 813 1410 846; x_wconf 88' lang='lat' dir='ltr'><strong>hominum.</strong></span> 
     </span>
    </p>
   </div>
   <div class='ocr_carea' id='block_1_6' title="bbox 566 869 1093 910">
    <p class='ocr_par' dir='ltr' id='par_1_9' title="bbox 566 869 1093 910">
     <span class='ocr_line' id='line_1_17' title="bbox 566 869 1093 910; baseline 0 -8"><span class='ocrx_word' id='word_1_99' title='bbox 566 871 597 902; x_wconf 87' lang='lat'><strong>5.</strong></span> <span class='ocrx_word' id='word_1_100' title='bbox 624 869 670 902; x_wconf 76' lang='lat' dir='ltr'><strong>Ut</strong></span> <span class='ocrx_word' id='word_1_101' title='bbox 695 870 810 902; x_wconf 84' lang='lat' dir='ltr'><strong>devota</strong></span> <span class='ocrx_word' id='word_1_102' title='bbox 833 879 910 910; x_wconf 85' lang='lat' dir='ltr'><strong>gens</strong></span> <span class='ocrx_word' id='word_1_103' title='bbox 932 873 1093 910; x_wconf 77' lang='lat' dir='ltr'><strong>precatur.</strong></span> 
     </span>
    </p>
   </div>
   <div class='ocr_carea' id='block_1_7' title="bbox 264 931 1452 969">
    <p class='ocr_par' dir='ltr' id='par_1_10' title="bbox 264 931 1452 969">
     <span class='ocr_line' id='line_1_18' title="bbox 264 931 1452 969; baseline -0.001 -8"><span class='ocrx_word' id='word_1_104' title='bbox 264 935 372 969; x_wconf 73' lang='lat' dir='ltr'><strong>Hymu.</strong></span> <span class='ocrx_word' id='word_1_105' title='bbox 394 942 445 962; x_wconf 87' lang='lat' dir='ltr'><strong>ms.</strong></span> <span class='ocrx_word' id='word_1_106' title='bbox 467 943 531 962; x_wconf 85' lang='lat' dir='ltr'><strong>cum</strong></span> <span class='ocrx_word' id='word_1_107' title='bbox 553 935 722 963; x_wconf 79' lang='lat' dir='ltr'><strong>commento</strong></span> <span class='ocrx_word' id='word_1_108' title='bbox 743 934 856 962; x_wconf 85' lang='lat' dir='ltr'><strong>Hilarii</strong></span> <span class='ocrx_word' id='word_1_109' title='bbox 877 943 951 963; x_wconf 66' lang='lat' dir='ltr'><strong>saec..</strong></span> <span class='ocrx_word' id='word_1_110' title='bbox 974 933 1017 963; x_wconf 83' lang='lat'><strong>13.</strong></span> <span class='ocrx_word' id='word_1_111' title='bbox 1059 934 1127 962; x_wconf 84' lang='lat' dir='ltr'><strong>Cod.</strong></span> <span class='ocrx_word' id='word_1_112' title='bbox 1148 936 1303 962; x_wconf 75' lang='lat' dir='ltr'><strong>Mantuan-</strong></span> <span class='ocrx_word' id='word_1_113' title='bbox 1325 933 1351 961; x_wconf 88' lang='grc' dir='ltr'>Ε</span> <span class='ocrx_word' id='word_1_114' title='bbox 1372 934 1387 961; x_wconf 87' lang='lat'>1</span> <span class='ocrx_word' id='word_1_115' title='bbox 1408 931 1452 960; x_wconf 76' lang='lat'><strong>14.</strong></span> 
     </span>
    </p>
   </div>
   <div class='ocr_carea' id='block_1_8' title="bbox 651 1036 1023 1140">
    <p class='ocr_par' dir='ltr' id='par_1_11' title="bbox 651 1036 1023 1140">
     <span class='ocr_line' id='line_1_19' title="bbox 651 1036 1023 1067; baseline -0.003 -1"><span class='ocrx_word' id='word_1_116' title='bbox 651 1036 702 1067; x_wconf 85' lang='grc'><strong>44.</strong></span> <span class='ocrx_word' id='word_1_117' title='bbox 732 1036 775 1067; x_wconf 79' lang='lat' dir='ltr'><strong>De</strong></span> <span class='ocrx_word' id='word_1_118' title='bbox 795 1036 904 1066; x_wconf 76' lang='lat' dir='ltr'><strong>sancta</strong></span> <span class='ocrx_word' id='word_1_119' title='bbox 924 1037 1023 1067; x_wconf 86' lang='lat' dir='ltr'><strong>Anna.</strong></span> 
     </span>
     <span class='ocr_line' id='line_1_20' title="bbox 693 1103 993 1140; baseline 0 -8"><span class='ocrx_word' id='word_1_120' title='bbox 693 1104 728 1132; x_wconf 91' lang='lat' dir='ltr'><strong>In</strong></span> <span class='ocrx_word' id='word_1_121' title='bbox 749 1104 837 1140; x_wconf 85' lang='lat' dir='ltr'><strong>Vesp.</strong></span> <span class='ocrx_word' id='word_1_122' title='bbox 860 1107 889 1132; x_wconf 88' lang='lat' dir='ltr'><strong>et</strong></span> <span class='ocrx_word' id='word_1_123' title='bbox 908 1103 993 1132; x_wconf 87' lang='lat' dir='ltr'><strong>Noet.</strong></span> 
     </span>
    </p>
   </div>
   <div class='ocr_carea' id='block_1_9' title="bbox 212 1171 1480 1749">
    <p class='ocr_par' dir='ltr' id='par_1_12' title="bbox 214 1171 1480 1353">
     <span class='ocr_line' id='line_1_21' title="bbox 214 1171 1433 1212; baseline -0.001 -9"><span class='ocrx_word' id='word_1_124' title='bbox 214 1197 221 1203; x_wconf 92' lang='lat'><strong>.</strong></span> <span class='ocrx_word' id='word_1_125' title='bbox 245 1171 349 1212; x_wconf 79' lang='lat' dir='ltr'><strong>Anna,</strong></span> <span class='ocrx_word' id='word_1_126' title='bbox 376 1171 489 1203; x_wconf 77' lang='lat' dir='ltr'><strong>beatae</strong></span> <span class='ocrx_word' id='word_1_127' title='bbox 512 1171 643 1212; x_wconf 83' lang='lat' dir='ltr'><strong>virginis</strong></span> <span class='ocrx_word' id='word_1_128' title='bbox 868 1173 899 1204; x_wconf 70' lang='lat'><strong>4.</strong></span> <span class='ocrx_word' id='word_1_129' title='bbox 928 1171 992 1203; x_wconf 88' lang='lat' dir='ltr'><strong>Sed</strong></span> <span class='ocrx_word' id='word_1_130' title='bbox 1017 1171 1121 1210; x_wconf 85' lang='lat' dir='ltr'><strong>prima</strong></span> <span class='ocrx_word' id='word_1_131' title='bbox 1146 1171 1236 1212; x_wconf 85' lang='lat' dir='ltr'><strong>virgo</strong></span> <span class='ocrx_word' id='word_1_132' title='bbox 1260 1171 1433 1211; x_wconf 77' lang='lat' dir='ltr'><strong>splenduit,</strong></span> 
     </span>
     <span class='ocr_line' id='line_1_22' title="bbox 246 1217 1480 1260; baseline -0.001 -10"><span class='ocrx_word' id='word_1_133' title='bbox 246 1220 340 1250; x_wconf 80' lang='lat' dir='ltr'><strong>Alma</strong></span> <span class='ocrx_word' id='word_1_134' title='bbox 366 1218 489 1250; x_wconf 81' lang='lat' dir='ltr'><strong>Mariae</strong></span> <span class='ocrx_word' id='word_1_135' title='bbox 513 1218 660 1260; x_wconf 79' lang='lat' dir='ltr'><strong>genitrix,</strong></span> <span class='ocrx_word' id='word_1_136' title='bbox 926 1219 1014 1258; x_wconf 76' lang='lat' dir='ltr'><strong>Quae</strong></span> <span class='ocrx_word' id='word_1_137' title='bbox 1038 1219 1147 1252; x_wconf 86' lang='lat' dir='ltr'><strong>Jesum</strong></span> <span class='ocrx_word' id='word_1_138' title='bbox 1175 1218 1336 1253; x_wconf 88' lang='lat' dir='ltr'><strong>Christum</strong></span> <span class='ocrx_word' id='word_1_139' title='bbox 1362 1217 1480 1259; x_wconf 85' lang='lat' dir='ltr'><strong>genuit,</strong></span> 
     </span>
     <span class='ocr_line' id='line_1_23' title="bbox 246 1265 1316 1306; baseline 0.001 -9"><span class='ocrx_word' id='word_1_140' title='bbox 246 1268 344 1305; x_wconf 71' lang='lat' dir='ltr'><strong>Quam</strong></span> <span class='ocrx_word' id='word_1_141' title='bbox 369 1265 513 1297; x_wconf 81' lang='lat' dir='ltr'><strong>Joaohim</strong></span> <span class='ocrx_word' id='word_1_142' title='bbox 537 1267 577 1298; x_wconf 83' lang='lat' dir='ltr'><strong>de</strong></span> <span class='ocrx_word' id='word_1_143' title='bbox 601 1266 720 1297; x_wconf 86' lang='lat' dir='ltr'><strong>semine</strong></span> <span class='ocrx_word' id='word_1_144' title='bbox 924 1267 1069 1306; x_wconf 76' lang='lat' dir='ltr'><strong>Alphaeo</strong></span> <span class='ocrx_word' id='word_1_145' title='bbox 1097 1267 1166 1298; x_wconf 81' lang='lat' dir='ltr'><strong>viro</strong></span> <span class='ocrx_word' id='word_1_146' title='bbox 1191 1266 1316 1305; x_wconf 77' lang='lat' dir='ltr'><strong>reliqua</strong></span> 
     </span>
     <span class='ocr_line' id='line_1_24' title="bbox 245 1313 1425 1353; baseline 0.002 -8"><span class='ocrx_word' id='word_1_147' title='bbox 245 1313 307 1345; x_wconf 87' lang='lat' dir='ltr'><strong>Suo</strong></span> <span class='ocrx_word' id='word_1_148' title='bbox 334 1313 479 1352; x_wconf 81' lang='lat' dir='ltr'><strong>concepit</strong></span> <span class='ocrx_word' id='word_1_149' title='bbox 504 1314 635 1345; x_wconf 85' lang='lat' dir='ltr'><strong>viscere.</strong></span> <span class='ocrx_word' id='word_1_150' title='bbox 924 1313 1054 1353; x_wconf 86' lang='lat' dir='ltr'><strong>Joseph,</strong></span> <span class='ocrx_word' id='word_1_151' title='bbox 1081 1314 1235 1345; x_wconf 88' lang='lat' dir='ltr'><strong>minorem</strong></span> <span class='ocrx_word' id='word_1_152' title='bbox 1259 1313 1425 1347; x_wconf 84' lang='lat' dir='ltr'><strong>Jacobum.</strong></span> 
     </span>
    </p>

    <p class='ocr_par' dir='ltr' id='par_1_13' title="bbox 212 1368 1412 1551">
     <span class='ocr_line' id='line_1_25' title="bbox 212 1368 1330 1410; baseline -0.001 -9"><span class='ocrx_word' id='word_1_153' title='bbox 212 1394 218 1401; x_wconf 95' lang='lat'><strong>.</strong></span> <span class='ocrx_word' id='word_1_154' title='bbox 246 1370 323 1401; x_wconf 78' lang='lat' dir='ltr'><strong>Post</strong></span> <span class='ocrx_word' id='word_1_155' title='bbox 346 1369 430 1401; x_wconf 84' lang='lat' dir='ltr'><strong>hunc</strong></span> <span class='ocrx_word' id='word_1_156' title='bbox 456 1370 496 1401; x_wconf 90' lang='lat' dir='ltr'><strong>de</strong></span> <span class='ocrx_word' id='word_1_157' title='bbox 519 1371 587 1401; x_wconf 89' lang='lat' dir='ltr'><strong>viro</strong></span> <span class='ocrx_word' id='word_1_158' title='bbox 615 1369 755 1410; x_wconf 74' lang='lat' dir='ltr'><strong>cleopha</strong></span> <span class='ocrx_word' id='word_1_159' title='bbox 868 1372 898 1403; x_wconf 87' lang='lat'><strong>5.</strong></span> <span class='ocrx_word' id='word_1_160' title='bbox 924 1370 1031 1402; x_wconf 81' lang='lat' dir='ltr'><strong>Mater</strong></span> <span class='ocrx_word' id='word_1_161' title='bbox 1056 1368 1118 1401; x_wconf 86' lang='lat' dir='ltr'><strong>fuit</strong></span> <span class='ocrx_word' id='word_1_162' title='bbox 1141 1371 1199 1402; x_wconf 85' lang='lat' dir='ltr'><strong>sed</strong></span> <span class='ocrx_word' id='word_1_163' title='bbox 1223 1370 1330 1410; x_wconf 82' lang='lat' dir='ltr'><strong>tertia,</strong></span> 
     </span>
     <span class='ocr_line' id='line_1_26' title="bbox 246 1416 1321 1456; baseline 0 -8"><span class='ocrx_word' id='word_1_164' title='bbox 246 1417 358 1449; x_wconf 80' lang='lat' dir='ltr'><strong>Altera</strong></span> <span class='ocrx_word' id='word_1_165' title='bbox 383 1425 473 1448; x_wconf 89' lang='lat' dir='ltr'><strong>soror</strong></span> <span class='ocrx_word' id='word_1_166' title='bbox 499 1418 594 1454; x_wconf 84' lang='lat' dir='ltr'><strong>edita,</strong></span> <span class='ocrx_word' id='word_1_167' title='bbox 924 1417 984 1449; x_wconf 84' lang='lat' dir='ltr'><strong>Est</strong></span> <span class='ocrx_word' id='word_1_168' title='bbox 1009 1416 1175 1449; x_wconf 82' lang='lat' dir='ltr'><strong>Zebedaeo</strong></span> <span class='ocrx_word' id='word_1_169' title='bbox 1203 1417 1321 1456; x_wconf 81' lang='lat' dir='ltr'><strong>dedita,</strong></span> 
     </span>
     <span class='ocr_line' id='line_1_27' title="bbox 245 1464 1374 1504; baseline 0 -8"><span class='ocrx_word' id='word_1_170' title='bbox 245 1464 399 1503; x_wconf 84' lang='lat' dir='ltr'><strong>Ejusdem</strong></span> <span class='ocrx_word' id='word_1_171' title='bbox 424 1464 542 1503; x_wconf 87' lang='lat' dir='ltr'><strong>quippe</strong></span> <span class='ocrx_word' id='word_1_172' title='bbox 566 1464 712 1504; x_wconf 90' lang='lat' dir='ltr'><strong>nominis,</strong></span> <span class='ocrx_word' id='word_1_173' title='bbox 926 1465 1012 1503; x_wconf 73' lang='lat' dir='ltr'><strong>Quae</strong></span> <span class='ocrx_word' id='word_1_174' title='bbox 1036 1467 1085 1495; x_wconf 79' lang='lat' dir='ltr'><strong>est</strong></span> <span class='ocrx_word' id='word_1_175' title='bbox 1110 1465 1204 1496; x_wconf 82' lang='lat' dir='ltr'><strong>enixa.</strong></span> <span class='ocrx_word' id='word_1_176' title='bbox 1227 1464 1374 1496; x_wconf 87' lang='lat' dir='ltr'><strong>inclitum</strong></span> 
     </span>
     <span class='ocr_line' id='line_1_28' title="bbox 246 1511 1412 1551; baseline 0.001 -8"><span class='ocrx_word' id='word_1_177' title='bbox 246 1511 317 1543; x_wconf 75' lang='lat' dir='ltr'><strong>Non</strong></span> <span class='ocrx_word' id='word_1_178' title='bbox 343 1511 424 1542; x_wconf 80' lang='lat' dir='ltr'><strong>tanti</strong></span> <span class='ocrx_word' id='word_1_179' title='bbox 448 1514 552 1543; x_wconf 82' lang='lat' dir='ltr'><strong>tamen</strong></span> <span class='ocrx_word' id='word_1_180' title='bbox 580 1511 724 1544; x_wconf 84' lang='lat' dir='ltr'><strong>hominis.</strong></span> <span class='ocrx_word' id='word_1_181' title='bbox 925 1512 1103 1545; x_wconf 82' lang='lat' dir='ltr'><strong>Johannem</strong></span> <span class='ocrx_word' id='word_1_182' title='bbox 1125 1514 1221 1551; x_wconf 80' lang='lat' dir='ltr'><strong>atque</strong></span> <span class='ocrx_word' id='word_1_183' title='bbox 1246 1511 1412 1544; x_wconf 82' lang='lat' dir='ltr'><strong>Jacobum.</strong></span> 
     </span>
    </p>

    <p class='ocr_par' dir='ltr' id='par_1_14' title="bbox 218 1566 1404 1749">
     <span class='ocr_line' id='line_1_29' title="bbox 218 1566 1394 1607; baseline -0.001 -7"><span class='ocrx_word' id='word_1_184' title='bbox 218 1595 223 1600; x_wconf 95' lang='lat'><strong>.</strong></span> <span class='ocrx_word' id='word_1_185' title='bbox 250 1568 328 1599; x_wconf 77' lang='lat' dir='ltr'><strong>Post</strong></span> <span class='ocrx_word' id='word_1_186' title='bbox 352 1566 471 1599; x_wconf 84' lang='lat' dir='ltr'><strong>obitum</strong></span> <span class='ocrx_word' id='word_1_187' title='bbox 496 1569 554 1600; x_wconf 83' lang='lat' dir='ltr'><strong>sed</strong></span> <span class='ocrx_word' id='word_1_188' title='bbox 581 1567 739 1607; x_wconf 75' lang='lat' dir='ltr'><strong>cleophae</strong></span> <span class='ocrx_word' id='word_1_189' title='bbox 869 1569 898 1602; x_wconf 83' lang='lat'><strong>6.</strong></span> <span class='ocrx_word' id='word_1_190' title='bbox 923 1568 1031 1600; x_wconf 77' lang='lat' dir='ltr'><strong>Mater</strong></span> <span class='ocrx_word' id='word_1_191' title='bbox 1056 1571 1216 1600; x_wconf 80' lang='lat' dir='ltr'><strong>tantorum</strong></span> <span class='ocrx_word' id='word_1_192' title='bbox 1241 1569 1394 1600; x_wconf 86' lang='lat' dir='ltr'><strong>seminum</strong></span> 
     </span>
     <span class='ocr_line' id='line_1_30' title="bbox 246 1615 1404 1657; baseline 0 -9"><span class='ocrx_word' id='word_1_193' title='bbox 246 1616 336 1648; x_wconf 83' lang='lat' dir='ltr'><strong>Haec</strong></span> <span class='ocrx_word' id='word_1_194' title='bbox 361 1615 527 1653; x_wconf 78' lang='lat' dir='ltr'><strong>copulatur</strong></span> <span class='ocrx_word' id='word_1_195' title='bbox 552 1615 706 1654; x_wconf 82' lang='lat' dir='ltr'><strong>Salomae,</strong></span> <span class='ocrx_word' id='word_1_196' title='bbox 928 1617 990 1648; x_wconf 90' lang='lat' dir='ltr'><strong>Pro</strong></span> <span class='ocrx_word' id='word_1_197' title='bbox 1012 1615 1104 1646; x_wconf 88' lang='lat' dir='ltr'><strong>nobis</strong></span> <span class='ocrx_word' id='word_1_198' title='bbox 1130 1618 1200 1647; x_wconf 79' lang='lat' dir='ltr'><strong>oret</strong></span> <span class='ocrx_word' id='word_1_199' title='bbox 1223 1615 1404 1657; x_wconf 90' lang='lat' dir='ltr'><strong>Dominum,</strong></span> 
     </span>
     <span class='ocr_line' id='line_1_31' title="bbox 247 1662 1339 1703; baseline 0.002 -10"><span class='ocrx_word' id='word_1_200' title='bbox 247 1662 297 1693; x_wconf 83' lang='lat' dir='ltr'><strong>De</strong></span> <span class='ocrx_word' id='word_1_201' title='bbox 321 1670 381 1702; x_wconf 89' lang='lat' dir='ltr'><strong>quo</strong></span> <span class='ocrx_word' id='word_1_202' title='bbox 405 1662 511 1701; x_wconf 87' lang='lat' dir='ltr'><strong>proles</strong></span> <span class='ocrx_word' id='word_1_203' title='bbox 538 1664 586 1694; x_wconf 83' lang='lat' dir='ltr'><strong>est</strong></span> <span class='ocrx_word' id='word_1_204' title='bbox 611 1663 718 1702; x_wconf 83' lang='lat' dir='ltr'><strong>genita</strong></span> <span class='ocrx_word' id='word_1_205' title='bbox 927 1663 994 1694; x_wconf 86' lang='lat' dir='ltr'><strong>Nos</strong></span> <span class='ocrx_word' id='word_1_206' title='bbox 1020 1671 1039 1693; x_wconf 80' lang='lat' dir='ltr'>a</span> <span class='ocrx_word' id='word_1_207' title='bbox 1062 1664 1204 1702; x_wconf 81' lang='lat' dir='ltr'><strong>peccatis</strong></span> <span class='ocrx_word' id='word_1_208' title='bbox 1231 1664 1339 1703; x_wconf 79' lang='lat' dir='ltr'><strong>expiet</strong></span> 
     </span>
     <span class='ocr_line' id='line_1_32' title="bbox 247 1709 1349 1749; baseline 0.001 -8"><span class='ocrx_word' id='word_1_209' title='bbox 247 1709 382 1741; x_wconf 86' lang='lat' dir='ltr'><strong>Nomine</strong></span> <span class='ocrx_word' id='word_1_210' title='bbox 406 1709 507 1748; x_wconf 88' lang='lat' dir='ltr'><strong>primo</strong></span> <span class='ocrx_word' id='word_1_211' title='bbox 532 1710 689 1749; x_wconf 82' lang='lat' dir='ltr'><strong>praedita.</strong></span> <span class='ocrx_word' id='word_1_212' title='bbox 927 1710 971 1742; x_wconf 87' lang='lat' dir='ltr'><strong>Et</strong></span> <span class='ocrx_word' id='word_1_213' title='bbox 996 1710 1075 1741; x_wconf 85' lang='lat' dir='ltr'><strong>coeli</strong></span> <span class='ocrx_word' id='word_1_214' title='bbox 1101 1710 1179 1742; x_wconf 89' lang='lat' dir='ltr'><strong>sede</strong></span> <span class='ocrx_word' id='word_1_215' title='bbox 1205 1711 1349 1743; x_wconf 82' lang='lat' dir='ltr'><strong>collocet.</strong></span> 
     </span>
    </p>
   </div>
   <div class='ocr_carea' id='block_1_10' title="bbox 526 1766 1083 1941">
    <p class='ocr_par' dir='ltr' id='par_1_15' title="bbox 526 1766 1083 1941">
     <span class='ocr_line' id='line_1_33' title="bbox 526 1766 1083 1807; baseline -0.002 -9"><span class='ocrx_word' id='word_1_216' title='bbox 526 1768 557 1798; x_wconf 79' lang='lat'><strong>7.</strong></span> <span class='ocrx_word' id='word_1_217' title='bbox 583 1766 680 1806; x_wconf 78' lang='lat' dir='ltr'><strong>Laus,</strong></span> <span class='ocrx_word' id='word_1_218' title='bbox 704 1767 816 1806; x_wconf 80' lang='lat' dir='ltr'><strong>honor,</strong></span> <span class='ocrx_word' id='word_1_219' title='bbox 842 1769 955 1804; x_wconf 74' lang='lat' dir='ltr'><strong>virtus,</strong></span> <span class='ocrx_word' id='word_1_220' title='bbox 980 1766 1083 1807; x_wconf 77' lang='lat' dir='ltr'><strong>gloria.</strong></span> 
     </span>
     <span class='ocr_line' id='line_1_34' title="bbox 586 1812 1024 1854; baseline 0 -9"><span class='ocrx_word' id='word_1_221' title='bbox 586 1813 635 1845; x_wconf 79' lang='lat' dir='ltr'><strong>Sit</strong></span> <span class='ocrx_word' id='word_1_222' title='bbox 660 1815 756 1854; x_wconf 84' lang='lat' dir='ltr'><strong>patri,</strong></span> <span class='ocrx_word' id='word_1_223' title='bbox 783 1816 867 1854; x_wconf 85' lang='lat' dir='ltr'><strong>nato,</strong></span> <span class='ocrx_word' id='word_1_224' title='bbox 894 1812 1024 1853; x_wconf 84' lang='lat' dir='ltr'><strong>flamini,</strong></span> 
     </span>
     <span class='ocr_line' id='line_1_35' title="bbox 585 1861 1038 1899; baseline 0.002 -7"><span class='ocrx_word' id='word_1_225' title='bbox 585 1861 644 1899; x_wconf 76' lang='lat' dir='ltr'><strong>Qui</strong></span> <span class='ocrx_word' id='word_1_226' title='bbox 670 1862 771 1893; x_wconf 84' lang='lat' dir='ltr'><strong>trinus</strong></span> <span class='ocrx_word' id='word_1_227' title='bbox 798 1863 846 1892; x_wconf 85' lang='lat' dir='ltr'><strong>est</strong></span> <span class='ocrx_word' id='word_1_228' title='bbox 871 1864 903 1892; x_wconf 77' lang='lat' dir='ltr'><strong>et</strong></span> <span class='ocrx_word' id='word_1_229' title='bbox 927 1862 1038 1893; x_wconf 82' lang='lat' dir='ltr'><strong>unicus</strong></span> 
     </span>
     <span class='ocr_line' id='line_1_36' title="bbox 583 1908 949 1941; baseline 0.005 -2"><span class='ocrx_word' id='word_1_230' title='bbox 583 1908 646 1940; x_wconf 88' lang='lat' dir='ltr'><strong>Per</strong></span> <span class='ocrx_word' id='word_1_231' title='bbox 670 1908 794 1941; x_wconf 82' lang='lat' dir='ltr'><strong>infinita</strong></span> <span class='ocrx_word' id='word_1_232' title='bbox 813 1909 949 1941; x_wconf 78' lang='lat' dir='ltr'><strong>saecula.</strong></span> 
     </span>
    </p>
   </div>
   <div class='ocr_carea' id='block_1_11' title="bbox 263 1972 1497 2011">
    <p class='ocr_par' dir='ltr' id='par_1_16' title="bbox 263 1972 1497 2011">
     <span class='ocr_line' id='line_1_37' title="bbox 263 1972 1497 2011; baseline 0.001 -9"><span class='ocrx_word' id='word_1_233' title='bbox 263 1975 348 2002; x_wconf 72' lang='lat' dir='ltr'><strong>BreV.</strong></span> <span class='ocrx_word' id='word_1_234' title='bbox 369 1983 421 2001; x_wconf 56' lang='lat' dir='ltr'><strong>ms.</strong></span> <span class='ocrx_word' id='word_1_235' title='bbox 439 1975 587 2002; x_wconf 65' lang='lat' dir='ltr'><strong>Mine-rum</strong></span> <span class='ocrx_word' id='word_1_236' title='bbox 609 1983 683 2002; x_wconf 84' lang='lat' dir='ltr'><strong>saec.</strong></span> <span class='ocrx_word' id='word_1_237' title='bbox 707 1973 752 2002; x_wconf 71' lang='lat'><strong>15.</strong></span> <span class='ocrx_word' id='word_1_238' title='bbox 792 1973 860 2001; x_wconf 74' lang='lat' dir='ltr'><strong>Cod-</strong></span> <span class='ocrx_word' id='word_1_239' title='bbox 882 1974 1041 2011; x_wconf 78' lang='lat' dir='ltr'><strong>Angelicus</strong></span> <span class='ocrx_word' id='word_1_240' title='bbox 1054 1974 1080 2001; x_wconf 93' lang='lat' dir='ltr'>D</span> <span class='ocrx_word' id='word_1_241' title='bbox 1095 1974 1123 2000; x_wconf 92' lang='lat' dir='ltr'>V</span> <span class='ocrx_word' id='word_1_242' title='bbox 1138 1973 1180 2002; x_wconf 83' lang='lat'><strong>10.</strong></span> <span class='ocrx_word' id='word_1_243' title='bbox 1203 1989 1238 1994; x_wconf 74' lang='lat'><strong>--</strong></span> <span class='ocrx_word' id='word_1_244' title='bbox 1258 1972 1281 2006; x_wconf 77' lang='lat'><strong>1.</strong></span> <span class='ocrx_word' id='word_1_245' title='bbox 1303 1972 1321 2002; x_wconf 86' lang='lat'><strong>3</strong></span> <span class='ocrx_word' id='word_1_246' title='bbox 1343 1975 1443 2008; x_wconf 80' lang='lat' dir='ltr'><strong>Quem.</strong></span> <span class='ocrx_word' id='word_1_247' title='bbox 1458 1991 1497 1995; x_wconf 89' lang='lat'>—</span> 
     </span>
    </p>
   </div>
   <div class='ocr_carea' id='block_1_12' title="bbox 187 2010 848 2046">
    <p class='ocr_par' dir='ltr' id='par_1_17' title="bbox 187 2010 848 2046">
     <span class='ocr_line' id='line_1_38' title="bbox 187 2010 848 2046; baseline -0.003 -6"><span class='ocrx_word' id='word_1_248' title='bbox 187 2011 215 2046; x_wconf 72' lang='lat'><strong>4,</strong></span> <span class='ocrx_word' id='word_1_249' title='bbox 236 2011 256 2040; x_wconf 73' lang='lat'>4</span> <span class='ocrx_word' id='word_1_250' title='bbox 274 2013 382 2040; x_wconf 80' lang='lat' dir='ltr'><strong>minori</strong></span> <span class='ocrx_word' id='word_1_251' title='bbox 402 2012 524 2040; x_wconf 79' lang='lat' dir='ltr'><strong>Jacobo.</strong></span> <span class='ocrx_word' id='word_1_252' title='bbox 545 2027 583 2032; x_wconf 90' lang='lat'><strong>--</strong></span> <span class='ocrx_word' id='word_1_253' title='bbox 604 2010 629 2045; x_wconf 82' lang='grc'><strong>6,</strong></span> <span class='ocrx_word' id='word_1_254' title='bbox 650 2010 668 2040; x_wconf 83' lang='lat'><strong>3</strong></span> <span class='ocrx_word' id='word_1_255' title='bbox 687 2013 749 2041; x_wconf 68' lang='lat' dir='ltr'><strong>Nos</strong></span> <span class='ocrx_word' id='word_1_256' title='bbox 769 2013 803 2040; x_wconf 75' lang='lat' dir='ltr'><strong>ut</strong></span> <span class='ocrx_word' id='word_1_257' title='bbox 822 2020 848 2039; x_wconf 88' lang='lat' dir='ltr'><strong>a.</strong></span> 
     </span>
    </p>
   </div>
   <div class='ocr_carea' id='block_1_13' title="bbox 654 2114 1019 2145">
    <p class='ocr_par' dir='ltr' id='par_1_18' title="bbox 654 2114 1019 2145">
     <span class='ocr_line' id='line_1_39' title="bbox 654 2114 1019 2145; baseline 0 -1"><span class='ocrx_word' id='word_1_258' title='bbox 654 2114 703 2145; x_wconf 83' lang='lat'><strong>45.</strong></span> <span class='ocrx_word' id='word_1_259' title='bbox 732 2114 773 2145; x_wconf 81' lang='lat' dir='ltr'><strong>De</strong></span> <span class='ocrx_word' id='word_1_260' title='bbox 795 2115 904 2144; x_wconf 80' lang='lat' dir='ltr'><strong>saneta</strong></span> <span class='ocrx_word' id='word_1_261' title='bbox 922 2114 1019 2145; x_wconf 74' lang='lat' dir='ltr'><strong>Anna,</strong></span> 
     </span>
    </p>
   </div>
   <div class='ocr_carea' id='block_1_14' title="bbox 191 2181 1466 2389">
    <p class='ocr_par' dir='ltr' id='par_1_19' title="bbox 191 2181 1466 2389">
     <span class='ocr_line' id='line_1_40' title="bbox 747 2181 935 2211; baseline -0.005 0"><span class='ocrx_word' id='word_1_262' title='bbox 747 2182 789 2211; x_wconf 40' lang='lat' dir='ltr'><strong>sid</strong></span> <span class='ocrx_word' id='word_1_263' title='bbox 808 2181 935 2211; x_wconf 78' lang='lat' dir='ltr'><strong>Laudes.</strong></span> 
     </span>
     <span class='ocr_line' id='line_1_41' title="bbox 191 2250 1376 2293; baseline 0.001 -9"><span class='ocrx_word' id='word_1_264' title='bbox 191 2252 222 2284; x_wconf 86' lang='lat'><strong>1.</strong></span> <span class='ocrx_word' id='word_1_265' title='bbox 249 2251 273 2283; x_wconf 94' lang='lat' dir='ltr'>O</span> <span class='ocrx_word' id='word_1_266' title='bbox 300 2252 401 2283; x_wconf 75' lang='lat' dir='ltr'><strong>mater</strong></span> <span class='ocrx_word' id='word_1_267' title='bbox 426 2251 536 2283; x_wconf 84' lang='lat' dir='ltr'><strong>matris</strong></span> <span class='ocrx_word' id='word_1_268' title='bbox 562 2251 705 2293; x_wconf 87' lang='lat' dir='ltr'><strong>virginis,</strong></span> <span class='ocrx_word' id='word_1_269' title='bbox 872 2253 903 2284; x_wconf 86' lang='lat'><strong>2.</strong></span> <span class='ocrx_word' id='word_1_270' title='bbox 930 2252 998 2290; x_wconf 75' lang='lat' dir='ltr'><strong>Qua</strong></span> <span class='ocrx_word' id='word_1_271' title='bbox 1023 2250 1107 2282; x_wconf 84' lang='lat' dir='ltr'><strong>trina</strong></span> <span class='ocrx_word' id='word_1_272' title='bbox 1131 2251 1238 2291; x_wconf 88' lang='lat' dir='ltr'><strong>proles</strong></span> <span class='ocrx_word' id='word_1_273' title='bbox 1262 2252 1376 2293; x_wconf 82' lang='lat' dir='ltr'><strong>editur,</strong></span> 
     </span>
     <span class='ocr_line' id='line_1_42' title="bbox 249 2298 1289 2343; baseline 0.002 -13"><span class='ocrx_word' id='word_1_274' title='bbox 249 2298 353 2339; x_wconf 84' lang='lat' dir='ltr'><strong>Anna,</strong></span> <span class='ocrx_word' id='word_1_275' title='bbox 382 2298 478 2331; x_wconf 81' lang='lat' dir='ltr'><strong>decus</strong></span> <span class='ocrx_word' id='word_1_276' title='bbox 505 2299 668 2339; x_wconf 83' lang='lat' dir='ltr'><strong>ecclesiae,</strong></span> <span class='ocrx_word' id='word_1_277' title='bbox 930 2299 1002 2331; x_wconf 87' lang='lat' dir='ltr'><strong>Uno</strong></span> <span class='ocrx_word' id='word_1_278' title='bbox 1025 2298 1128 2336; x_wconf 83' lang='lat' dir='ltr'><strong>potita</strong></span> <span class='ocrx_word' id='word_1_279' title='bbox 1153 2300 1289 2343; x_wconf 89' lang='lat' dir='ltr'><strong>nomine,</strong></span> 
     </span>
     <span class='ocr_line' id='line_1_43' title="bbox 249 2344 1466 2389; baseline 0.003 -12"><span class='ocrx_word' id='word_1_280' title='bbox 249 2347 317 2385; x_wconf 77' lang='lat' dir='ltr'><strong>Qua</strong></span> <span class='ocrx_word' id='word_1_281' title='bbox 341 2346 435 2377; x_wconf 79' lang='lat' dir='ltr'><strong>stella</strong></span> <span class='ocrx_word' id='word_1_282' title='bbox 460 2347 556 2378; x_wconf 79' lang='lat' dir='ltr'><strong>maris</strong></span> <span class='ocrx_word' id='word_1_283' title='bbox 581 2349 651 2377; x_wconf 83' lang='lat' dir='ltr'><strong>orta</strong></span> <span class='ocrx_word' id='word_1_284' title='bbox 677 2349 735 2387; x_wconf 85' lang='lat' dir='ltr'><strong>est,</strong></span> <span class='ocrx_word' id='word_1_285' title='bbox 932 2344 982 2377; x_wconf 87' lang='lat' dir='ltr'><strong>De</strong></span> <span class='ocrx_word' id='word_1_286' title='bbox 1007 2353 1129 2385; x_wconf 84' lang='lat' dir='ltr'><strong>quaque</strong></span> <span class='ocrx_word' id='word_1_287' title='bbox 1155 2355 1284 2386; x_wconf 83' lang='lat' dir='ltr'><strong>germen</strong></span> <span class='ocrx_word' id='word_1_288' title='bbox 1309 2349 1466 2389; x_wconf 80' lang='lat' dir='ltr'><strong>promitur</strong></span> 
     </span>
    </p>
   </div>
   <div class='ocr_carea' id='block_1_15' title="bbox 248 2393 1373 2434">
    <p class='ocr_par' dir='ltr' id='par_1_20' title="bbox 248 2393 1373 2434">
     <span class='ocr_line' id='line_1_44' title="bbox 248 2393 1373 2434; baseline 0.002 -9"><span class='ocrx_word' id='word_1_289' title='bbox 248 2394 408 2426; x_wconf 81' lang='lat' dir='ltr'><strong>Aeternae</strong></span> <span class='ocrx_word' id='word_1_290' title='bbox 433 2396 527 2432; x_wconf 78' lang='lat' dir='ltr'><strong>porta</strong></span> <span class='ocrx_word' id='word_1_291' title='bbox 551 2393 681 2434; x_wconf 86' lang='lat' dir='ltr'><strong>gloriae.</strong></span> <span class='ocrx_word' id='word_1_292' title='bbox 932 2393 1051 2425; x_wconf 85' lang='lat' dir='ltr'><strong>Fusum</strong></span> <span class='ocrx_word' id='word_1_293' title='bbox 1078 2394 1210 2426; x_wconf 86' lang='lat' dir='ltr'><strong>coelesti</strong></span> <span class='ocrx_word' id='word_1_294' title='bbox 1234 2398 1373 2428; x_wconf 84' lang='lat' dir='ltr'><strong>nectare.</strong></span> 
     </span>
    </p>
   </div>
  </div>
 </body>
</html>
