1651 2621
168 200 199 232 3.
225 198 276 230 Ex
301 199 350 231 his
370 198 465 238 jubar
488 200 522 231 in
546 199 641 232 India
849 201 880 232 5.
906 199 1025 231 Rebus·
1042 199 1186 232 alludens
1212 199 1329 231 nomini

226 245 488 278 Bartholomaeus
513 246 637 288 emicat,
909 246 1003 279 Coelo
1029 248 1196 286 suspendit
1220 247 1349 286 animas,

223 292 340 325 Divina
364 294 522 333 sapientia
910 293 1028 326 Gentes
1054 294 1252 327 conformans
1277 292 1397 325 numiui

226 340 317 372 Orbis
342 340 470 373 umbras
496 340 645 375 eliminat.
907 341 1032 373 Mentes
1058 342 1180 374 extollit
1204 340 1338 374 infimas.

171 407 201 440 4.
229 406 304 438 Jesu
328 407 457 447 benigni
480 406 565 439 filius
851 409 882 440 6.
909 407 1065 440 Mundum
1088 410 1189 440 totum
1214 406 1272 438 sub
1297 405 1432 447 pedibus

231 453 335 485 Patris
360 456 499 486 sectatur
524 462 631 494 opera,
909 455 1004 487 Ponit
1030 456 1113 495 regis
1139 455 1285 494 Polymii,

228 500 352 533 Doeens
378 504 449 533 orat
472 501 638 543 intensius,
910 501 994 533 Dum
1023 511 1153 543 regnum
1178 501 1235 533 sub
1262 499 1423 532 effectibus

228 549 333 581 Corda
361 548 447 580 levat
470 550 511 581 ad
536 549 675 582 aethera.
907 548 1037 590 Spernit
1060 559 1117 589 spe
1141 548 1254 581 summi
1278 547 1421 588 praemii.

507 615 538 648 7.
565 615 639 646 Tibi
662 615 731 648 Deo
756 615 800 647 sit
823 616 925 656 gloria

562 662 625 694 Pro
649 663 732 694 tanti
758 662 846 695 ducis
871 663 983 703 gratia,

559 710 638 741 Post
661 712 795 741 mortem
820 718 877 742 nos
902 710 935 741 in
958 709 1066 750 patria

559 757 650 788 Patri
674 759 765 788 natos
788 757 925 789 adsocia.

241 830 325 857 Brcv.
346 839 398 858 ms.
419 830 650 858 Huniiliattmm
670 839 745 859 saec.
762 829 805 859 15.
828 831 896 859 Cod.
911 832 1044 860 Vatican.
1060 829 1142 858 9217.
1158 845 1193 850 —-
1217 828 1241 864 1,
1258 828 1273 857 1
1293 828 1421 865 speculo.
1436 843 1472 847 —

164 866 190 900 5,
211 865 229 893 2
251 868 340 895 Coeli.
361 883 398 887 ——-
419 867 444 901 6,
464 866 484 895 4
504 868 615 896 stemit
634 877 693 905 spe·

559 996 599 1027 81.
630 997 673 1029 Ι)ο
696 998 804 1030 sancto
825 997 1071 1029 Bartholomaeo.

720 1074 769 1103 Ad
787 1073 916 1104 Laudes.

166 1151 195 1183 1.
224 1150 335 1183 Noctis
358 1152 453 1190 pulsa
476 1151 611 1192 caligine
847 1153 878 1185 4.
908 1152 1083 1185 Contrariis
1110 1153 1269 1185 contraria

222 1198 293 1230 Jam
320 1200 402 1231 diem
428 1200 475 1231 sol
500 1199 614 1242 initiat,
905 1199 1047 1233 Dissolvi
1072 1199 1137 1232 fide
1163 1208 1309 1243 consona,

225 1246 344 1285 Culpae
368 1249 454 1278 tersa
479 1245 611 1286 fuligine
904 1248 969 1279 Per
995 1247 1155 1280 Christum
1180 1248 1298 1287 probat
1322 1247 1402 1280 vitia

223 1293 357 1325 Virtutis
383 1293 437 1324 lux
462 1293 637 1333 proradiat.
905 1294 990 1326 Tolli
1013 1295 1084 1334 lege
1108 1304 1171 1326 non
1198 1294 1335 1329 dissona.

167 1362 197 1392 2.
224 1360 370 1391 Aurorae
394 1358 494 1391 fulsus
519 1359 619 1391 radiis
846 1361 876 1394 5.
903 1360 967 1392 Hic
990 1360 1146 1393 idolorum
1173 1361 1320 1393 sordibus

223 1407 397 1445 Apostolus
421 1406 565 1447 Polymio
907 1408 1012 1440 Pulsis
1038 1416 1058 1438 a
1081 1406 1166 1440 fanis
1189 1408 1346 1448 imprimit

223 1454 337 1495 Adest,
366 1462 419 1485 cor
443 1455 548 1493 replet
573 1454 706 1493 gaudiis,
905 1454 1014 1486 Crucis
1039 1453 1158 1487 formas
1182 1456 1217 1487 in
1243 1457 1397 1499 domibuS‚

227 1499 300 1532 Solo
326 1503 463 1532 testante
487 1501 637 1540 pseustio.
903 1502 1022 1541 Quibus
1048 1501 1145 1534 Satan
1169 1503 1233 1536 vim
1259 1504 1414 1543 reprimit.

167 1569 199 1600 3.
224 1567 311 1599 Voce
335 1566 436 1598 tubali
461 1567 603 1598 clamitat
846 1569 877 1601 6.
904 1568 1072 1608 Figmenta
1095 1567 1224 1609 frangat
1248 1570 1386 1602 hostium

224 1613 342 1645 Christi
364 1613 474 1646 laudes
496 1614 529 1645 in
554 1615 682 1654 populo,
903 1615 994 1647 Idem
1021 1624 1040 1646 a
1065 1616 1181 1648 nostris
1204 1618 1374 1658 mentibus,

221 1661 305 1692 Dum
330 1661 458 1693 verbum
485 1669 558 1693 caro
581 1661 757 1702 praedicat,
903 1661 1068 1694 Reformet
1092 1663 1176 1695 vires
1202 1665 1345 1696 cordium

222 1708 309 1740 Deus
335 1708 387 1749 qui
413 1711 461 1739 est
484 1718 503 1741 a
527 1709 664 1741 saeculo.
903 1709 969 1741 Piis
993 1710 1197 1742 orationibus.

528 1776 559 1809 7.
586 1775 683 1807 Trino
709 1775 777 1807 Deo
804 1778 834 1807 et
859 1776 997 1815 simplici

581 1822 819 1855 Bartholomaei
844 1823 947 1864 gratia

582 1869 649 1902 Nos
671 1871 784 1910 jungat
807 1874 881 1904 voto
906 1871 1044 1911 supplici

583 1916 693 1950 Precis
716 1918 801 1958 jugis
826 1918 987 1951 instantia.

236 1992 321 2020 BreV.
353 2001 403 2020 ms.
432 1992 661 2020 Humiliatnrum
688 2000 763 2020 saec.
794 1991 837 2021 15.
886 1992 954 2020 Cod.
979 1994 1113 2021 Vatican.
1142 1992 1225 2022 9217.
1250 2009 1288 2014 —
1323 1995 1353 2031 1,
1379 1995 1397 2023 2
1425 1999 1470 2026 sol

164 2031 309 2066 inictigat.
329 2046 367 2051 —
387 2028 412 2064 6,
436 2028 450 2058 1
471 2031 587 2066 frangit.

560 2151 605 2181 82.
635 2152 679 2183 De
699 2153 804 2183 sancto
825 2151 1072 2184 Bartholomaeo.

163 2231 194 2264 1.
221 2230 349 2262 Laudes
374 2234 522 2263 canamus
546 2230 683 2264 Domino
843 2234 874 2265 2.
901 2231 1054 2263 Coelestis
1076 2232 1167 2271 jussu
1189 2233 1308 2266 medici

221 2279 284 2311 Pro
311 2277 429 2309 celebri
451 2278 591 2319 tripudio
901 2279 1024 2312 Fanum
1053 2279 1212 2312 subintrat
1234 2281 1324 2323 idoli,

220 2326 455 2358 Bartholomaei
476 2327 644 2368 praesulis,
902 2326 1073 2367 Extemplo
1100 2327 1232 2360 daemon
1257 2334 1392 2372 aestuat,

220 2374 370 2406 Vacantis
394 2374 505 2406 mundi
528 2375 653 2408 studiis.
902 2374 1069 2415 Responsa
1099 2375 1175 2408 dare
1200 2377 1324 2412 vetitat.
