1651 2621
720 141 977 176 —166—

461 243 491 275 5.
518 240 567 273 Ibi
594 239 708 272 divinis
734 238 881 270 laudibus
906 238 1066 275 vacantes,

514 287 645 327 Templo
669 285 803 318 fundato
826 285 928 317 Deum
954 283 1152 324 venerantes,

515 335 621 367 Vitam
645 335 842 373 praesentem
868 330 982 363 finiunt
1006 331 1143 369 orantes,

559 383 643 414 Pace
666 381 819 421 sepultae.

457 440 487 472 6.
514 438 677 478 virginum
704 446 777 477 ergo
801 436 923 467 meritis
947 435 1090 474 istarum,

515 485 649 525 Christe,
675 485 809 517 salutem
834 481 943 515 confer
967 482 1152 521 animarum,

514 532 675 565 Scandere
698 532 854 572 possimus
878 532 914 562 ut:
934 530 967 561 in
991 529 1193 569 praeclarum

562 580 710 612 Aetheris
735 587 875 619 regnum.

459 639 489 670 7.
517 637 626 669 Gloria
649 636 717 668 Deo
743 636 786 667 sit
809 637 938 666 aeterno
962 633 1058 674 patri,

514 684 599 717 Filio
624 692 746 723 quoque
771 683 832 714 sibi
857 682 1061 723 sempiterno,

514 731 652 763 Flamini
676 733 784 762 sancto
808 729 901 761 simul
925 728 1090 768 utriusque

563 778 661 811 Omne
684 786 742 817 per
766 786 887 809 aevum.

272 844 357 871 Brev.
377 852 429 871 ms.
443 844 662 871 Novocomense
682 843 751 869 anni
768 840 848 869 1420.
880 841 950 868 eod.
964 841 1053 869 Univ.
1067 840 1228 867 Bononien.
1242 839 1365 866 Mezzof.
1381 836 1446 866 339.
1462 852 1499 856 —-

198 879 225 914 3,
249 879 263 908 l
284 889 409 917 sponsus
430 882 556 918 erganzt.
572 896 611 900 ——
631 878 656 914 3,
678 878 696 906 2
716 881 858 915 sanguine
876 880 1007 906 nimium.
1028 892 1066 897 —-
1085 877 1111 912 7,
1133 875 1150 904 2
1169 877 1226 904 lies
1246 878 1305 905 sibi
1324 877 1499 905 coaeterno?

199 1136 230 1168 1.

200 1968 234 2032 52³?

645 1000 705 1031 281.
735 1000 779 1031 De
798 1000 910 1031 sancta
928 999 1033 1030 Lucia.

687 1067 736 1096 Ad
755 1067 844 1104 Vesp.
868 1069 897 1095 et
911 1066 997 1096 Noct.

256 1135 333 1167 Flos
358 1136 490 1167 rutilans
518 1136 557 1167 de
581 1135 706 1167 hortulo
877 1136 907 1168 4.
934 1134 1103 1175 Rogabant
1126 1136 1269 1166 sanctam
1292 1132 1452 1172 Agatham

257 1182 381 1213 Virenti
405 1183 488 1223 sugit
512 1183 677 1224 virginum,
933 1182 985 1213 Ad
1012 1182 1079 1221 ejus
1105 1189 1233 1221 gressae
1256 1180 1413 1212 tumulum

255 1229 349 1268 Quem
375 1238 473 1271 agnus
498 1230 683 1261 suavissimo
930 1229 1093 1261 Medelam
1116 1227 1324 1267 salutiferam,

254 1276 372 1316 Irrigat
394 1286 467 1309 rore
491 1277 670 1316 plurimum.
929 1276 1118 1316 Dormitque
1142 1277 1232 1316 virgo
1258 1275 1432 1315 paululum.

221 1359 228 1365 .
253 1333 343 1365 Haec
367 1336 415 1365 est
437 1333 537 1365 Lucia
559 1334 676 1373 lueida,
872 1334 902 1366 5.
928 1333 971 1365 Et
1001 1333 1083 1365 vidit
1104 1333 1208 1372 ipsam
1229 1333 1389 1373 Agatham

254 1380 339 1412 Alba
365 1380 507 1414 columba
530 1381 701 1420 pulchrior,
930 1380 1114 1412 Dicentem:
1144 1389 1162 1412 ο
1189 1380 1363 1420 carissima,

256 1427 342 1465 Quae
366 1427 484 1459 Christi
511 1431 612 1459 exstat
637 1426 756 1459 famula
932 1428 1013 1466 Quid
1039 1428 1122 1467 petis
1147 1428 1235 1460 illam
1261 1428 1407 1468 gratiam,

256 1473 380 1513 Suaque
404 1484 520 1514 sponsa
544 1475 656 1508 carior.
930 1476 1028 1514 Quam
1053 1475 1130 1507 dare
1153 1478 1245 1515 potes
1269 1475 1391 1507 sedula.

224 1555 230 1561 .
255 1529 344 1561 Haec
367 1530 455 1571 virgo
480 1531 702 1570 sacratissima,
874 1533 904 1565 6.
930 1531 991 1570 En,
1018 1534 1073 1563 tua
1096 1540 1213 1571 parens
1237 1531 1342 1563 libera.

257 1576 455 1615 Syracusana
476 1578 600 1619 nobilis,
930 1578 1020 1609 Tunc
1045 1579 1183 1610 excitata
1206 1579 1345 1622 tremuit,

259 1624 334 1655 Cum
360 1627 461 1655 matre
485 1625 617 1665 Eutitia,
932 1625 1018 1663 Quae
1042 1635 1116 1657 mox
1142 1626 1248 1666 egenis
1274 1626 1381 1657 omnia

256 1669 440 1709 Languente
463 1669 550 1701 fluxu
574 1671 744 1710 sanguinis,
930 1672 1114 1704 Exhortans
1139 1676 1273 1705 matrem
1298 1673 1423 1706 tribuit.

560 1728 590 1758 7.
617 1727 679 1758 Pro
704 1727 794 1758 nobis
820 1737 876 1759 ora
900 1729 1021 1769 sedula,

615 1774 724 1813 Lucia,
750 1783 809 1814 per
831 1784 923 1815 quam
947 1776 1085 1809 Domino

615 1822 719 1853 Decus
744 1822 786 1852 sit
810 1825 904 1862 atque
928 1824 1039 1864 gloria,

615 1868 698 1900 Nato
724 1878 846 1909 quoque
869 1871 1035 1910 paraclito.

275 1930 358 1957 Brev.
379 1938 431 1958 ms.
450 1932 725 1960 Vallumbrosanum
745 1942 820 1961 saec.
844 1933 887 1962 15.
929 1935 998 1963 Cod.
1019 1936 1212 1964 Laurentian.
1236 1938 1327 1966 ConV.
1347 1948 1411 1976 sup.
1431 1938 1498 1968 457.

260 1982 297 1986 —
320 1968 403 1995 Brev.
428 1969 702 1998 Vallumbrosanum
726 1980 799 1999 saec.
829 1971 871 2000 15.
913 1973 981 2001 Cod.
1007 1975 1196 2003 Laurentian.
1225 1976 1315 2004 Conv.
1342 1986 1405 2014 sup.
1431 1977 1499 2006 456.

254 2020 291 2024 —
310 2004 335 2039 6,
355 2004 375 2032 4
393 2006 476 2034 Haec
496 2010 593 2035 ortans
612 2008 672 2042 AB,
692 2011 784 2037 mater
806 2010 841 2038 A.

648 2127 713 2159 282.
742 2129 785 2160 De
807 2131 917 2161 saneta
936 2131 1042 2163 Lucia.

750 2197 799 2226 Atl
817 2197 944 2228 Laudes.

227 2288 234 2296 .
260 2263 311 2295 Ab
336 2263 397 2294 hac
420 2264 536 2295 vitatus
561 2265 692 2297 audiens
876 2269 908 2301 2.
935 2267 1081 2300 Delatam
1107 2273 1182 2301 tunc
1207 2270 1396 2306 Paschasius

259 2310 330 2342 Hoc
354 2319 486 2364 sponsus
512 2320 579 2343 eam
605 2312 728 2356 detulit,
937 2314 1106 2355 Compellit
1127 2317 1220 2358 hanc,
1245 2322 1281 2350 ut
1304 2321 1456 2365 immolet,

261 2358 349 2396 Quod
367 2357 522 2390 Christum
549 2359 632 2391 colat
655 2369 817 2402 respuens,
935 2362 1021 2401 Quae
1044 2363 1123 2406 Deo,
1149 2374 1212 2397 non
1239 2367 1458 2413 daemonibus,

259 2406 348 2445 Quod
373 2405 426 2437 lex
449 2406 601 2445 majorum
625 2409 793 2448 praecipit.
935 2409 1121 2454 Respondit,
1149 2414 1233 2454 quod
1258 2416 1428 2452 sacrificet.
