1651 2621
755 122 991 158 .-59-.

581 216 627 247 89.
661 216 704 248 Dc
724 224 748 248 s.
770 215 950 248 Bernhardo
971 216 1162 248 Florentino.

215 281 246 314 1.
275 281 446 316 Cantemus
471 285 546 318 totis
576 286 705 327 viribus,
904 289 936 320 5.
961 287 1076 320 Mundi
1102 289 1218 329 spretis
1244 287 1415 321 honoribus

274 329 423 369 Quamvis
448 332 574 372 indigni
598 332 720 373 famuli,
961 335 1081 376 Ampla
1105 335 1234 376 reliquit
1257 335 1401 376 praedia,

273 377 410 410 Intende
435 380 553 412 nostris
580 381 740 424 precihus,
962 382 1080 415 Vivens
1104 383 1138 415 in
1162 384 1282 415 sanctis
1307 383 1431 415 actibus

277 425 365 466 Jesu‚
392 426 534 458 salvator
558 428 686 461 saeculi.
960 430 1102 463 Aeterna
1125 431 1262 471 sumpsit
1284 431 1437 472 praemia.

215 483 246 515 2.
273 481 333 521 Qui
356 483 582 517 Bernhardum
607 485 790 525 pontificem
902 488 933 519 6.
960 487 1068 520 Sacris
1093 488 1224 520 adstans
1250 488 1403 520 altaribus

271 529 396 563 Dextra
419 531 660 565 misericordiae
957 535 1038 568 Fert
1063 534 1187 567 Christo
1210 534 1380 575 sacrificia,

272 578 372 610 Juxta
395 588 577 618 supremum
602 582 724 620 apicem
960 581 1092 615 Crucem
1117 582 1253 622 sumpsit
1275 584 1307 615 in
1329 583 1474 615 manibus

274 624 448 659 Constituit
473 627 638 661 ecclesiae.
957 630 1022 661 Pro
1046 629 1157 669 populi
1183 630 1325 662 saevitia.

214 683 244 715 3.
273 682 336 714 Hic
362 683 523 716 dormiens
547 685 582 716 in
606 685 732 717 lectulis
902 687 931 718 7.
959 686 1054 718 Tanti
1076 686 1175 725 jussis
1202 687 1354 718 antistitis

271 729 312 762 Se
338 730 429 762 videt
451 731 485 762 in
510 731 652 773 basilica,
957 733 1062 766 Multa
1085 733 1170 766 bona
1194 733 1415 775 conspicimus,

272 776 411 810 Offertur
436 778 499 810 sibi
523 780 682 818 praesulis
956 781 1100 822 Ejusque
1123 781 1241 813 sanctis
1266 782 1388 814 meritis

269 825 370 857 Manu
393 826 492 857 vestis
514 828 699 860 monastica.
957 828 1023 861 Nos
1049 829 1195 868 adjuvari
1215 829 1384 869 poscimus.

211 883 243 914 4.
271 882 371 921 Quam
397 883 437 915 (le
462 885 574 916 matris
601 884 746 917 absentia
899 885 930 919 8.
956 885 1010 917 Ad
1036 886 1124 923 cujus
1148 886 1328 927 patrocinia

271 929 396 962 Pavens
423 932 529 971 coepit,
553 940 698 972 renuere,
958 932 1077 973 Magna
1098 933 1180 965 fiunt,
1203 934 1367 974 miracula,

268 977 331 1010 Dei
356 980 462 1010 tamen
489 979 657 1012 clementia
956 979 1006 1012 Sit
1032 980 1169 1012 trinitati
1193 980 1296 1021 gloria

269 1024 395 1065 Dignus
418 1025 480 1057 fuit
505 1035 676 1060 assumere.
955 1028 995 1060 In
1019 1025 1145 1059 infinita
1170 1029 1305 1060 saecula.

286 1081 372 1109 Brev.
393 1091 447 1110 ms.
468 1082 498 1110 S.
515 1081 611 1110 Salvii
624 1082 703 1116 (Ord.
718 1082 877 1117 Vallumb.)
900 1091 975 1111 saec.
992 1081 1036 1110 15.
1072 1082 1139 1110 Cod.
1154 1083 1337 1111 Ricarrdian.
1358 1081 1423 1111 5²72.
1438 1084 1472 1111 A.
1488 1097 1523 1101 —

210 1119 295 1147 Brev.
323 1128 375 1147 ms.
397 1119 427 1148 S.
448 1120 603 1148 Trinitatis
631 1121 663 1148 in
682 1120 808 1157 Alpibus
830 1123 899 1149 anni
924 1119 1004 1149 1455.
1046 1121 1115 1149 God.
1136 1121 1327 1149 Laurentian.
1349 1121 1439 1149 ConV.
1460 1129 1523 1156 sup.

210 1155 275 1184 512.
296 1157 329 1184 Β.
358 1173 396 1177 -
421 1159 507 1186 Brev.
532 1167 585 1186 ms.
606 1158 884 1187 Vallumbrosanum
910 1167 985 1186 saec.
1009 1157 1053 1187 15.
1074 1159 1114 1186 in.
1157 1159 1225 1187 Ood.
1247 1157 1412 1187 Londinen.
1434 1160 1523 1187 Burn.

211 1192 276 1223 333.
300 1195 330 1223 O.
351 1211 389 1216 -—
409 1194 435 1232 3,
461 1195 476 1224 1
498 1197 623 1224 dormiet
643 1196 675 1224 C.
698 1212 734 1216 ——
755 1194 781 1230 6,
805 1195 822 1223 2
841 1197 946 1225 Fertur
967 1197 997 1225 C.
1017 1213 1056 1218 —
1076 1195 1101 1230 6,
1122 1195 1140 1225 3
1164 1197 1285 1225 Crucem
1306 1197 1385 1225 fehlt.
1408 1197 1439 1226 Ο.

646 1326 692 1359 90.
723 1326 765 1357 De
786 1327 893 1358 sancto
914 1326 1096 1367 Bertulpho.

754 1393 803 1423 Ad
822 1393 979 1431 Vesperas.

523 1464 551 1496 1.
579 1464 689 1502 Cerne,
716 1463 909 1504 redemptor,
937 1463 1004 1495 vita
1027 1463 1202 1504 beatorum,

581 1512 651 1544 Rex
675 1512 813 1551 gloriose
838 1511 976 1543 omnium
1002 1514 1192 1550 sanctorum,

579 1559 663 1599 Quas
686 1559 748 1591 tibi
770 1558 882 1591 laudes
907 1558 1074 1599 pangimus
1098 1559 1218 1592 honore

624 1606 735 1640 Nostri
760 1607 899 1646 patroni.

520 1665 552 1697 2.
579 1664 675 1703 Cujus
700 1664 734 1695 in
760 1662 838 1695 orbe
862 1662 1043 1696 celebratur
1067 1663 1169 1697 honor

576 1713 643 1745 Isto
668 1713 700 1743 in
727 1712 804 1752 sole,
830 1720 891 1752 quo
917 1712 1033 1751 petivit
1058 1713 1174 1753 coelos,

576 1761 698 1793 Ferens
723 1759 849 1800 insigne
873 1760 1043 1792 sanctitate
1068 1760 1181 1800 plenus

623 1807 700 1839 Rite
720 1808 920 1847 trophaeum.

519 1865 550 1898 3.
577 1864 717 1897 Francia
742 1864 901 1905 quondam
928 1864 1061 1896 contulit
1085 1863 1170 1895 hunc
1194 1863 1295 1907 nobis,

579 1912 682 1945 Gente
703 1912 914 1953 praeclarum,
941 1912 1062 1951 pietate
1086 1913 1240 1950 sanctum,

573 1959 721 1992 Moribus
743 1960 911 2000 insignem,
936 1959 1065 1991 nomine
1086 1958 1308 2002 Bertnlphum‚

625 2007 754 2040 Somate
779 2010 909 2042 castum.

516 2067 549 2100 4.
576 2066 679 2105 Hujus
705 2064 793 2097 effari
818 2063 905 2097 facta
928 2064 1039 2105 nequit
1062 2073 1200 2105 unquam

574 2113 700 2154 Lingua
724 2113 906 2157 sophorum,
933 2115 1107 2153 penetrans
1132 2121 1252 2145 arcana

574 2161 735 2202 Quidquid
761 2163 793 2193 et
814 2162 928 2202 possit,
954 2160 1046 2192 istius
1071 2161 1130 2193 sed
1156 2159 1242 2193 facta

620 2209 766 2242 Narrare
790 2209 911 2250 nequit.

514 2270 546 2301 5.
572 2268 771 2301 Daemonum
794 2276 907 2299 saevos
932 2266 1058 2307 pepulit
1082 2264 1219 2306 furores,

574 2316 716 2357 Corpore
738 2316 836 2358 virus,
861 2315 1006 2355 leprosos
1030 2314 1206 2354 mundavit,

572 2365 669 2397 Peste
695 2364 846 2402 deceptos
871 2363 1012 2394 Arianae
1037 2360 1161 2394 fraudis

619 2411 776 2453 Dogmate
801 2410 887 2444 vicit.
