1651 2621
720 158 974 199 -292-4·

205 263 236 297 5.
264 261 288 296 O
314 265 424 303 pastor
447 260 500 302 pie
524 264 556 293 et
581 261 674 305 clare,

264 310 365 342 Nobis
388 309 522 350 benigne
546 318 695 342 succurre

262 358 391 398 Nosque
414 357 573 397 supplices
597 358 729 397 respice,

267 406 346 438 Vota
372 413 533 437 servorum
557 406 692 445 suscipe.

879 263 911 295 6.
937 260 1005 293 Deo
1029 258 1115 300 patri
1139 257 1181 290 sit
1202 255 1304 299 gloria

937 308 1078 348 Ejusque
1102 306 1162 339 soli
1186 305 1252 339 filio

939 356 1015 389 Cum
1045 352 1161 395 spiritu
1185 354 1340 395 paraclito

936 403 981 436 Et
1004 411 1088 435 nune
1113 405 1145 435 et
1163 403 1197 434 in
1221 404 1420 443 perpetuum.

283 462 393 497 Hymn.
413 469 467 488 ms.
486 460 653 488 Veronense
673 468 747 488 saec.
771 458 813 487 11.
853 459 922 487 Cod.
944 459 1037 495 Capit.
1057 459 1203 487 Veronen-
1224 456 1277 486 109
1297 455 1382 494 (102).

633 533 700 565 497.
731 533 774 564 De
792 534 898 564 sancte
919 533 1050 564 Zenone.

732 581 779 611 Ad
800 582 954 619 Vespcras.

878 634 909 666 4.
936 632 1060 672 Nempe
1083 631 1210 671 piscans
1234 632 1269 663 in
1293 629 1422 663 flumine

935 679 1025 712 Vidit
1048 679 1193 718 plaustro
1217 678 1397 723 praecipite

265 728 360 767 Cujus
385 726 468 759 festa
492 727 642 758 solemnia
938 726 1013 758 Cum
1041 726 1143 758 bubus
1168 726 1233 758 suis
1258 727 1411 760 rusticum

265 775 351 807 Anni
374 774 465 806 nobis
490 772 555 805 fert
578 774 689 807 orbita.
936 774 990 806 Ad
1014 774 1114 805 amnis
1138 774 1203 805 ima
1225 782 1379 813 mergere.

206 833 237 864 2.
264 831 321 871 Qui
347 830 465 863 Christi
488 829 552 862 fide
576 829 719 862 fervidus
881 833 911 864 5.
937 831 1027 871 Quod
1051 830 1151 862 hostis
1173 831 1234 862 hoc
1256 831 1466 870 nequissimus

265 879 314 910 Ae
326 886 477 919 praesens
490 886 641 917 spernens
652 878 819 918 saeculum,
941 878 1104 910 Patrasset
1132 886 1262 910 cernens
1288 878 1338 910 vir
1362 878 1444 919 pius,

263 926 360 958 Flore
383 924 532 957 virtutum
557 925 718 964 praeditus
938 926 1053 958 Preces
1078 924 1164 957 fudit
1187 925 1230 957 ad
1254 925 1434 965 Dominum,

269 973 355 1005 Coeli
377 971 520 1012 possedit
542 972 725 1011 praemium.
936 972 1014 1012 Ejus
1039 981 1172 1013 poscens
1198 973 1359 1008 auxilium.

211 1029 242 1061 3.
268 1028 330 1060 Hic
355 1037 432 1060 onus
457 1027 560 1059 earnis
585 1028 727 1067 bajulans
880 1031 911 1063 6.
938 1029 1091 1062 Subvenit
1115 1029 1234 1062 Christi
1258 1031 1370 1070 gratia,

266 1075 364 1106 Plura
392 1074 469 1106 fecit
491 1075 652 1115 miracula,
940 1077 1024 1115 Quae
1048 1086 1084 1108 se
1108 1077 1275 1109 credentes
1300 1081 1456 1117 munerat,

265 1121 311 1154 Ut
335 1121 424 1154 floret
448 1122 502 1153 lux
528 1122 711 1162 clarissima,
936 1125 985 1156 Ac
1007 1124 1157 1156 liberavit
1179 1125 1347 1166 hominem,

268 1169 384 1202 Caecas
409 1167 531 1208 fugavit
553 1169 708 1202 tenebras.
936 1172 1085 1204 Reddens
1110 1172 1206 1204 saluti
1229 1173 1395 1213 pristinae.

638 1227 668 1260 7.
694 1227 761 1258 Deo
786 1228 870 1266 patri
891 1229 932 1259 sit
955 1229 1065 1269 gloria.

280 1278 370 1308 Psalt.
401 1288 453 1308 ms.
477 1279 506 1307 S.
532 1281 656 1308 Zenonis
680 1282 799 1317 Majoris·
826 1291 900 1310 saec.
928 1282 970 1311 15.
1011 1284 1081 1311 Cod.
1107 1283 1136 1311 S.
1157 1285 1283 1313 Zenonis
1314 1295 1336 1313 s.
1356 1295 1385 1313 n.
1405 1285 1440 1314 A.
1461 1302 1498 1306 —

206 1318 296 1345 Psalt.
316 1327 368 1346 ms.
388 1318 418 1345 S.
438 1318 561 1345 Zenonis
582 1327 656 1346 saec.
679 1318 721 1347 15.
762 1320 828 1347 Cocl.
849 1321 991 1349 Veronen.
1011 1321 1182 1359 (Commun.)
1201 1321 1257 1352 800
1275 1323 1360 1359 (745).
1380 1326 1413 1353 B.

208 635 237 667 1.
263 632 402 674 Effulget
429 632 514 664 orbis
538 632 707 672 speculum,

264 681 358 720 Zeno,
383 680 510 721 praesul
534 678 693 721 mirificus,

640 1392 708 1423 498.
737 1393 780 1424 De
799 1394 905 1425 sancto
926 1395 1055 1427 Zenone.

719 1441 766 1471 Ad
785 1442 974 1472 Nocturnum.

878 1494 909 1526 4.
936 1494 1107 1526 Precamur
1130 1503 1204 1535 ergo
1230 1497 1400 1539 supplices,

264 1536 468 1575 Imperatoris
491 1537 623 1575 unicam,
935 1540 1029 1581 Zeno,
1054 1543 1182 1581 praesul
1207 1545 1413 1586 sanctissime,

268 1583 365 1621 Quam
391 1582 510 1615 fecerat
532 1584 702 1623 hospitium
936 1588 981 1620 Ut
1006 1589 1085 1620 coeli
1108 1590 1199 1621 nobis
1224 1591 1393 1624 Dominum

265 1631 406 1663 Daemon
428 1629 489 1661 sibi
513 1632 587 1662 tunc
611 1632 772 1670 pessimus.
936 1634 1067 1668 Efficias
1091 1638 1274 1677 propitium.

210 1688 242 1719 2.
267 1687 395 1718 Athesis
424 1686 524 1718 amnis
549 1687 655 1719 alveus
882 1693 912 1724 5.
938 1691 1003 1730 Quo
1028 1695 1101 1732 post
1125 1693 1234 1727 abluta
1258 1696 1390 1729 erimina

264 1734 459 1766 Excrescens
483 1733 568 1766 ultra
592 1735 716 1766 solitum
936 1738 1093 1772 Fruamur
1117 1741 1183 1780 ejus
1208 1743 1319 1784 gloria,

265 1779 455 1813 Conscendit
478 1780 520 1812 ad
545 1781 690 1813 eximium
937 1785 1088 1819 Habituri
1112 1787 1220 1821 felicia

266 1828 430 1860 Ecclesiae
453 1826 621 1868 fastigium.
937 1835 974 1866 In
999 1837 1159 1867 aeternum
1185 1838 1346 1872 solemnia.

210 1887 240 1919 3.
267 1883 438 1918 Confestim
466 1883 583 1924 fulgent
605 1886 717 1918 merita
879 1891 908 1922 6.
937 1891 1077 1932 Praesta,
1102 1896 1194 1933 pater
1219 1896 1370 1937 piissime,

267 1932 376 1964 Nostri
400 1932 501 1963 sancti
527 1932 718 1977 dignissima,
937 1939 1088 1980 Patrique
1112 1950 1241 1982 compar
1264 1945 1356 1977 unice

266 1979 347 2011 Nam
371 1979 487 2012 mansit
510 1988 589 2019 aqua
615 1980 727 2021 solida,
938 1985 1012 2018 Cum
1039 1988 1154 2027 spiritu
1177 1992 1333 2030 paraclito

269 2027 346 2060 Cum
370 2028 413 2058 sit
435 2029 549 2058 natura
572 2025 680 2062 fluida.
938 2033 975 2065 In
1000 2036 1192 2075 sempiterna
1217 2041 1352 2075 saecula.

280 2082 371 2110 Psalt.
391 2090 443 2109 ms.
471 2082 501 2109 S.
522 2081 645 2110 Zenonis
665 2084 785 2119 Majoris
811 2093 884 2113 saec.
912 2085 955 2115 15.
995 2089 1064 2117 Cod.
1086 2090 1114 2118 S.
1135 2092 1269 2122 Zenonis.
1289 2096 1328 2124 A.
1350 2114 1386 2118 —
1406 2098 1489 2127 Psalt

211 2129 263 2148 ms.
289 2120 320 2164 S.
338 2120 462 2148 Zenonis
489 2128 563 2147 saec.
591 2119 635 2148 15.
655 2121 743 2166 'Cod-
770 2123 911 2152 Veronen.
931 2126 1102 2164 (Commun.)
1131 2128 1187 2158 800
1210 2132 1294 2168 (745).
1317 2136 1349 2163 B.
1376 2151 1411 2155 —
1433 2136 1451 2164 2
1482 2137 1497 2166 1

208 2159 338 2185 Atthasis
357 2159 417 2186 AB.
438 2172 474 2176 -
495 2156 520 2193 5,
545 2155 563 2185 3
582 2158 730 2187 Habrtura
750 2160 782 2187 A.
1453 2158 1460 2172 ⁷

209 1489 239 1522 1.
264 1490 341 1521 Post
364 1489 442 1521 haee
466 1489 587 1521 curavit
610 1489 707 1523 filiam

646 2233 714 2264 499.
744 2234 786 2265 De
807 2238 910 2268 saneto
929 2238 1058 2271 Zenone.

772 2283 820 2313 Ad
839 2284 964 2316 Laudes.

512 2331 544 2364 1.
569 2332 728 2364 Praesulis
753 2335 854 2366 sancti
877 2337 1012 2370 redeunt
1037 2340 1168 2375 colenda

572 2379 670 2411 Festa
694 2380 836 2422 Zenonis,
864 2383 1032 2418 Dominum
1055 2392 1223 2434 sequentis,

573 2427 630 2465 Qui
658 2428 738 2460 diem
764 2430 854 2462 nobis
880 2433 1033 2466 celebrem
1059 2440 1194 2472 sacravit

619 2475 699 2507 Fine
726 2476 827 2512 beato,
