<?xml version="1.0" encoding="UTF-8"?>
<!DOCTYPE html PUBLIC "-//W3C//DTD XHTML 1.0 Transitional//EN"
    "http://www.w3.org/TR/xhtml1/DTD/xhtml1-transitional.dtd">
<html xmlns="http://www.w3.org/1999/xhtml" xml:lang="en" lang="en">
 <head>
  <title>
</title>
<meta http-equiv="Content-Type" content="text/html;charset=utf-8" />
  <meta name='ocr-system' content='tesseract 3.04.00' />
  <meta name='ocr-capabilities' content='ocr_page ocr_carea ocr_par ocr_line ocrx_word'/>
</head>
<body>
  <div class='ocr_page' id='page_1' title='image "./analectahymnica22drevuoft_00171.png"; bbox 0 0 1651 2621; ppageno 0'>
   <div class='ocr_carea' id='block_1_1' title="bbox 690 111 947 147">
    <p class='ocr_par' dir='ltr' id='par_1_1' title="bbox 690 111 947 147">
     <span class='ocr_line' id='line_1_1' title="bbox 690 111 947 147; baseline -0.004 0"><span class='ocrx_word' id='word_1_1' title='bbox 690 111 947 147; x_wconf 60' lang='grc' dir='ltr'>-168ῌ</span> 
     </span>
    </p>
   </div>
   <div class='ocr_carea' id='block_1_2' title="bbox 175 205 1358 252">
    <p class='ocr_par' dir='ltr' id='par_1_2' title="bbox 175 205 1358 252">
     <span class='ocr_line' id='line_1_2' title="bbox 175 205 1358 252; baseline -0.01 -7"><span class='ocrx_word' id='word_1_2' title='bbox 175 214 204 247; x_wconf 85' lang='grc'>3,</span> <span class='ocrx_word' id='word_1_3' title='bbox 231 212 336 244; x_wconf 90' lang='lat' dir='ltr'>Rubet</span> <span class='ocrx_word' id='word_1_4' title='bbox 361 212 417 244; x_wconf 92' lang='lat' dir='ltr'>ille</span> <span class='ocrx_word' id='word_1_5' title='bbox 441 212 578 252; x_wconf 81' lang='lat' dir='ltr'>puellari</span> <span class='ocrx_word' id='word_1_6' title='bbox 849 209 880 241; x_wconf 88' lang='lat'>5.</span> <span class='ocrx_word' id='word_1_7' title='bbox 902 206 1007 239; x_wconf 84' lang='lat' dir='ltr'>Judex</span> <span class='ocrx_word' id='word_1_8' title='bbox 1031 206 1139 246; x_wconf 89' lang='lat' dir='ltr'>stupet</span> <span class='ocrx_word' id='word_1_9' title='bbox 1163 205 1195 235; x_wconf 88' lang='lat' dir='ltr'>et</span> <span class='ocrx_word' id='word_1_10' title='bbox 1219 205 1358 234; x_wconf 83' lang='lat' dir='ltr'>terretur</span> 
     </span>
    </p>
   </div>
   <div class='ocr_carea' id='block_1_3' title="bbox 174 251 1472 786">
    <p class='ocr_par' dir='ltr' id='par_1_3' title="bbox 278 251 1373 299">
     <span class='ocr_line' id='line_1_3' title="bbox 278 251 1373 299; baseline -0.011 -7"><span class='ocrx_word' id='word_1_11' title='bbox 278 260 430 292; x_wconf 82' lang='lat' dir='ltr'>Devictus</span> <span class='ocrx_word' id='word_1_12' title='bbox 455 260 576 299; x_wconf 90' lang='lat' dir='ltr'>eloquio</span> <span class='ocrx_word' id='word_1_13' title='bbox 952 253 1124 293; x_wconf 81' lang='lat' dir='ltr'>Menteque</span> <span class='ocrx_word' id='word_1_14' title='bbox 1150 251 1373 291; x_wconf 69' lang='lat' dir='ltr'><strong>consternitur,</strong></span> 
     </span>
    </p>

    <p class='ocr_par' dir='ltr' id='par_1_4' title="bbox 233 299 1455 388">
     <span class='ocr_line' id='line_1_4' title="bbox 233 299 1455 347; baseline -0.008 -9"><span class='ocrx_word' id='word_1_15' title='bbox 233 306 454 347; x_wconf 83' lang='lat' dir='ltr'>Virginemque</span> <span class='ocrx_word' id='word_1_16' title='bbox 477 306 623 345; x_wconf 81' lang='lat' dir='ltr'>lupanari</span> <span class='ocrx_word' id='word_1_17' title='bbox 904 301 1050 344; x_wconf 81' lang='lat' dir='ltr'><strong>Mandat,</strong></span> <span class='ocrx_word' id='word_1_18' title='bbox 1077 301 1200 339; x_wconf 78' lang='lat' dir='ltr'><strong>martyr</strong></span> <span class='ocrx_word' id='word_1_19' title='bbox 1223 301 1262 331; x_wconf 81' lang='lat' dir='ltr'>ut</span> <span class='ocrx_word' id='word_1_20' title='bbox 1287 299 1455 336; x_wconf 83' lang='lat' dir='ltr'>cremetur,</span> 
     </span>
     <span class='ocr_line' id='line_1_5' title="bbox 277 346 1358 388; baseline -0.008 -2"><span class='ocrx_word' id='word_1_21' title='bbox 277 354 438 386; x_wconf 91' lang='lat' dir='ltr'>Lenonum</span> <span class='ocrx_word' id='word_1_22' title='bbox 464 352 568 386; x_wconf 89' lang='lat' dir='ltr'>officio</span> <span class='ocrx_word' id='word_1_23' title='bbox 951 348 1040 388; x_wconf 88' lang='lat' dir='ltr'>Ignis</span> <span class='ocrx_word' id='word_1_24' title='bbox 1064 356 1138 379; x_wconf 82' lang='lat' dir='ltr'>mox</span> <span class='ocrx_word' id='word_1_25' title='bbox 1163 346 1358 386; x_wconf 80' lang='lat' dir='ltr'>accenditur,</span> 
     </span>
    </p>

    <p class='ocr_par' dir='ltr' id='par_1_5' title="bbox 232 396 1366 483">
     <span class='ocr_line' id='line_1_6' title="bbox 232 396 1366 448; baseline -0.005 -17"><span class='ocrx_word' id='word_1_26' title='bbox 232 400 381 433; x_wconf 84' lang='lat' dir='ltr'>Tractam</span> <span class='ocrx_word' id='word_1_27' title='bbox 402 401 494 440; x_wconf 74' lang='lat' dir='ltr'>Jubet</span> <span class='ocrx_word' id='word_1_28' title='bbox 519 399 659 440; x_wconf 86' lang='lat' dir='ltr'>copulari</span> <span class='ocrx_word' id='word_1_29' title='bbox 753 435 765 441; x_wconf 65' lang='grc'>-</span> <span class='ocrx_word' id='word_1_30' title='bbox 905 397 1012 436; x_wconf 81' lang='lat' dir='ltr'>thue</span> <span class='ocrx_word' id='word_1_31' title='bbox 1038 396 1099 427; x_wconf 88' lang='lat' dir='ltr'>cito</span> <span class='ocrx_word' id='word_1_32' title='bbox 1125 396 1366 448; x_wconf 78' lang='lat' dir='ltr'>consummetur,</span> 
     </span>
     <span class='ocr_line' id='line_1_7' title="bbox 278 440 1274 483; baseline -0.007 -4"><span class='ocrx_word' id='word_1_33' title='bbox 278 447 394 479; x_wconf 85' lang='lat' dir='ltr'>Infami</span> <span class='ocrx_word' id='word_1_34' title='bbox 420 448 587 480; x_wconf 89' lang='lat' dir='ltr'>consortio.</span> <span class='ocrx_word' id='word_1_35' title='bbox 956 443 1032 475; x_wconf 90' lang='lat' dir='ltr'>Oleo</span> <span class='ocrx_word' id='word_1_36' title='bbox 1056 440 1274 483; x_wconf 84' lang='lat' dir='ltr'>perfund1tur.</span> 
     </span>
    </p>

    <p class='ocr_par' dir='ltr' id='par_1_6' title="bbox 174 509 1356 562">
     <span class='ocr_line' id='line_1_8' title="bbox 174 509 1356 562; baseline -0.006 -17"><span class='ocrx_word' id='word_1_37' title='bbox 174 514 205 546; x_wconf 85' lang='lat'>4.</span> <span class='ocrx_word' id='word_1_38' title='bbox 232 512 335 545; x_wconf 89' lang='lat' dir='ltr'>Tanto</span> <span class='ocrx_word' id='word_1_39' title='bbox 360 515 466 545; x_wconf 89' lang='lat' dir='ltr'>tamen</span> <span class='ocrx_word' id='word_1_40' title='bbox 491 522 547 545; x_wconf 84' lang='lat' dir='ltr'>rex</span> <span class='ocrx_word' id='word_1_41' title='bbox 572 513 728 544; x_wconf 88' lang='lat' dir='ltr'>coelorum</span> <span class='ocrx_word' id='word_1_42' title='bbox 849 512 880 544; x_wconf 92' lang='lat'>6.</span> <span class='ocrx_word' id='word_1_43' title='bbox 907 512 1015 549; x_wconf 79' lang='lat' dir='ltr'>Rogas</span> <span class='ocrx_word' id='word_1_44' title='bbox 1042 509 1157 548; x_wconf 84' lang='lat' dir='ltr'>virgini</span> <span class='ocrx_word' id='word_1_45' title='bbox 1183 509 1356 562; x_wconf 24' lang='lat' dir='ltr'>niltnocet,</span> 
     </span>
    </p>

    <p class='ocr_par' dir='ltr' id='par_1_7' title="bbox 280 556 1301 599">
     <span class='ocr_line' id='line_1_9' title="bbox 280 556 1301 599; baseline -0.005 -8"><span class='ocrx_word' id='word_1_46' title='bbox 280 559 373 591; x_wconf 80' lang='lat' dir='ltr'>Fecit</span> <span class='ocrx_word' id='word_1_47' title='bbox 393 560 479 591; x_wconf 86' lang='lat' dir='ltr'>illam</span> <span class='ocrx_word' id='word_1_48' title='bbox 505 560 656 599; x_wconf 88' lang='lat' dir='ltr'>pondere,</span> <span class='ocrx_word' id='word_1_49' title='bbox 955 556 1019 588; x_wconf 87' lang='lat' dir='ltr'>Sed</span> <span class='ocrx_word' id='word_1_50' title='bbox 1043 557 1150 588; x_wconf 87' lang='lat' dir='ltr'>inusta</span> <span class='ocrx_word' id='word_1_51' title='bbox 1173 557 1301 596; x_wconf 82' lang='lat' dir='ltr'>pemtus</span> 
     </span>
    </p>

    <p class='ocr_par' dir='ltr' id='par_1_8' title="bbox 231 602 1419 693">
     <span class='ocr_line' id='line_1_10' title="bbox 231 602 1419 646; baseline -0.004 -8"><span class='ocrx_word' id='word_1_52' title='bbox 231 606 320 644; x_wconf 79' lang='lat' dir='ltr'>Quod</span> <span class='ocrx_word' id='word_1_53' title='bbox 344 615 403 638; x_wconf 88' lang='lat' dir='ltr'>nee</span> <span class='ocrx_word' id='word_1_54' title='bbox 424 607 541 646; x_wconf 85' lang='lat' dir='ltr'>junctis</span> <span class='ocrx_word' id='word_1_55' title='bbox 563 607 775 646; x_wconf 83' lang='lat' dir='ltr'>jumentorum</span> <span class='ocrx_word' id='word_1_56' title='bbox 906 606 995 637; x_wconf 84' lang='lat' dir='ltr'>Inter</span> <span class='ocrx_word' id='word_1_57' title='bbox 1019 603 1161 635; x_wconf 87' lang='lat' dir='ltr'>flammas</span> <span class='ocrx_word' id='word_1_58' title='bbox 1186 602 1297 635; x_wconf 83' lang='lat' dir='ltr'>turbas</span> <span class='ocrx_word' id='word_1_59' title='bbox 1325 602 1419 634; x_wconf 89' lang='lat' dir='ltr'>docet</span> 
     </span>
     <span class='ocr_line' id='line_1_11' title="bbox 277 651 1276 693; baseline -0.004 -8"><span class='ocrx_word' id='word_1_60' title='bbox 277 653 366 693; x_wconf 83' lang='lat' dir='ltr'>Jugis</span> <span class='ocrx_word' id='word_1_61' title='bbox 390 654 476 684; x_wconf 90' lang='lat' dir='ltr'>illam</span> <span class='ocrx_word' id='word_1_62' title='bbox 503 653 631 685; x_wconf 86' lang='lat' dir='ltr'>trahere</span> <span class='ocrx_word' id='word_1_63' title='bbox 954 652 1087 684; x_wconf 77' lang='lat' dir='ltr'>Servata</span> <span class='ocrx_word' id='word_1_64' title='bbox 1115 651 1276 688; x_wconf 80' lang='lat' dir='ltr'>divinitus,</span> 
     </span>
    </p>

    <p class='ocr_par' dir='ltr' id='par_1_9' title="bbox 229 697 1472 786">
     <span class='ocr_line' id='line_1_12' title="bbox 229 697 1472 741; baseline -0.002 -11"><span class='ocrx_word' id='word_1_65' title='bbox 229 699 347 732; x_wconf 84' lang='lat' dir='ltr'>Valent</span> <span class='ocrx_word' id='word_1_66' title='bbox 371 698 460 731; x_wconf 86' lang='lat' dir='ltr'>funes</span> <span class='ocrx_word' id='word_1_67' title='bbox 485 703 695 741; x_wconf 85' lang='lat' dir='ltr'>peccatorum,</span> <span class='ocrx_word' id='word_1_68' title='bbox 906 700 964 737; x_wconf 81' lang='lat' dir='ltr'>Ut,</span> <span class='ocrx_word' id='word_1_69' title='bbox 984 708 1063 738; x_wconf 80' lang='lat' dir='ltr'>quae</span> <span class='ocrx_word' id='word_1_70' title='bbox 1077 698 1236 731; x_wconf 84' lang='lat' dir='ltr'>Christum</span> <span class='ocrx_word' id='word_1_71' title='bbox 1248 697 1351 729; x_wconf 90' lang='lat' dir='ltr'>Deum</span> <span class='ocrx_word' id='word_1_72' title='bbox 1370 700 1472 737; x_wconf 80' lang='lat' dir='ltr'>vocet,</span> 
     </span>
     <span class='ocr_line' id='line_1_13' title="bbox 278 745 1324 786; baseline -0.001 -8"><span class='ocrx_word' id='word_1_73' title='bbox 278 746 394 778; x_wconf 79' lang='lat' dir='ltr'>Manus</span> <span class='ocrx_word' id='word_1_74' title='bbox 419 756 478 778; x_wconf 87' lang='lat' dir='ltr'>nec</span> <span class='ocrx_word' id='word_1_75' title='bbox 501 746 675 786; x_wconf 87' lang='lat' dir='ltr'>impellere.</span> <span class='ocrx_word' id='word_1_76' title='bbox 954 746 1105 778; x_wconf 87' lang='lat' dir='ltr'>Exsultet</span> <span class='ocrx_word' id='word_1_77' title='bbox 1128 745 1324 777; x_wconf 83' lang='lat' dir='ltr'>medullitus.</span> 
     </span>
    </p>
   </div>
   <div class='ocr_carea' id='block_1_4' title="bbox 595 811 1050 844">
    <p class='ocr_par' dir='ltr' id='par_1_10' title="bbox 595 811 1050 844">
     <span class='ocr_line' id='line_1_14' title="bbox 595 811 1050 844; baseline 0 0"><span class='ocrx_word' id='word_1_78' title='bbox 595 814 624 844; x_wconf 86' lang='lat'>7.</span> <span class='ocrx_word' id='word_1_79' title='bbox 653 811 763 843; x_wconf 86' lang='lat' dir='ltr'>Gloria</span> <span class='ocrx_word' id='word_1_80' title='bbox 789 812 893 844; x_wconf 88' lang='lat' dir='ltr'>cordis</span> <span class='ocrx_word' id='word_1_81' title='bbox 920 815 952 843; x_wconf 90' lang='lat' dir='ltr'>et</span> <span class='ocrx_word' id='word_1_82' title='bbox 976 813 1050 844; x_wconf 87' lang='lat' dir='ltr'>oris.</span> 
     </span>
    </p>
   </div>
   <div class='ocr_carea' id='block_1_5' title="bbox 167 893 1475 1080">
    <p class='ocr_par' dir='ltr' id='par_1_11' title="bbox 167 893 1475 1080">
     <span class='ocr_line' id='line_1_15' title="bbox 245 893 1472 923; baseline 0 -2"><span class='ocrx_word' id='word_1_83' title='bbox 245 894 347 922; x_wconf 86' lang='lat' dir='ltr'>Dium.</span> <span class='ocrx_word' id='word_1_84' title='bbox 368 903 420 921; x_wconf 83' lang='lat' dir='ltr'>ms.</span> <span class='ocrx_word' id='word_1_85' title='bbox 441 894 677 922; x_wconf 80' lang='lat' dir='ltr'>Praedicatorum</span> <span class='ocrx_word' id='word_1_86' title='bbox 698 903 772 922; x_wconf 80' lang='lat' dir='ltr'>saec.</span> <span class='ocrx_word' id='word_1_87' title='bbox 796 893 839 923; x_wconf 87' lang='lat'>15.</span> <span class='ocrx_word' id='word_1_88' title='bbox 875 896 943 923; x_wconf 86' lang='lat' dir='ltr'>Cod.</span> <span class='ocrx_word' id='word_1_89' title='bbox 963 895 1104 923; x_wconf 83' lang='lat' dir='ltr'>Marcian.</span> <span class='ocrx_word' id='word_1_90' title='bbox 1124 895 1151 922; x_wconf 89' lang='lat' dir='ltr'>L</span> <span class='ocrx_word' id='word_1_91' title='bbox 1171 896 1187 923; x_wconf 95' lang='lat' dir='ltr'>I</span> <span class='ocrx_word' id='word_1_92' title='bbox 1203 893 1249 923; x_wconf 86' lang='grc'>83,</span> <span class='ocrx_word' id='word_1_93' title='bbox 1266 894 1301 922; x_wconf 91' lang='grc' dir='ltr'>Α.</span> <span class='ocrx_word' id='word_1_94' title='bbox 1315 909 1353 913; x_wconf 84' lang='grc'>-</span> <span class='ocrx_word' id='word_1_95' title='bbox 1365 895 1472 923; x_wconf 82' lang='lat' dir='ltr'>Diui-n.</span> 
     </span>
     <span class='ocr_line' id='line_1_16' title="bbox 170 931 1472 961; baseline 0.001 -3"><span class='ocrx_word' id='word_1_96' title='bbox 170 939 222 958; x_wconf 76' lang='lat' dir='ltr'>ins.</span> <span class='ocrx_word' id='word_1_97' title='bbox 243 931 479 959; x_wconf 80' lang='lat' dir='ltr'>Praedicatorum</span> <span class='ocrx_word' id='word_1_98' title='bbox 505 940 580 959; x_wconf 74' lang='lat' dir='ltr'>saec.</span> <span class='ocrx_word' id='word_1_99' title='bbox 609 932 648 960; x_wconf 90' lang='lat'>15.</span> <span class='ocrx_word' id='word_1_100' title='bbox 692 932 759 960; x_wconf 86' lang='lat' dir='ltr'>Cod.</span> <span class='ocrx_word' id='word_1_101' title='bbox 782 933 922 961; x_wconf 85' lang='lat' dir='ltr'>Marcian.</span> <span class='ocrx_word' id='word_1_102' title='bbox 943 933 992 961; x_wconf 91' lang='lat' dir='ltr'>ZL</span> <span class='ocrx_word' id='word_1_103' title='bbox 1009 931 1071 961; x_wconf 90' lang='grc'>160.</span> <span class='ocrx_word' id='word_1_104' title='bbox 1091 934 1124 961; x_wconf 89' lang='grc' dir='ltr'>Β.</span> <span class='ocrx_word' id='word_1_105' title='bbox 1146 948 1184 952; x_wconf 79' lang='lat'>—</span> <span class='ocrx_word' id='word_1_106' title='bbox 1203 935 1289 961; x_wconf 74' lang='lat' dir='ltr'>BreV.</span> <span class='ocrx_word' id='word_1_107' title='bbox 1310 942 1363 960; x_wconf 87' lang='lat' dir='ltr'>ms.</span> <span class='ocrx_word' id='word_1_108' title='bbox 1384 932 1472 961; x_wconf 85' lang='lat' dir='ltr'>Prae-</span> 
     </span>
     <span class='ocr_line' id='line_1_17' title="bbox 168 968 1472 1004; baseline 0.002 -9"><span class='ocrx_word' id='word_1_109' title='bbox 168 969 328 996; x_wconf 73' lang='lat' dir='ltr'>dicatorum</span> <span class='ocrx_word' id='word_1_110' title='bbox 347 978 422 997; x_wconf 60' lang='lat' dir='ltr'>saec.</span> <span class='ocrx_word' id='word_1_111' title='bbox 445 968 489 997; x_wconf 89' lang='lat'>15.</span> <span class='ocrx_word' id='word_1_112' title='bbox 524 969 591 997; x_wconf 84' lang='lat' dir='ltr'>Ood.</span> <span class='ocrx_word' id='word_1_113' title='bbox 614 970 706 1004; x_wconf 84' lang='lat' dir='ltr'>Capit.</span> <span class='ocrx_word' id='word_1_114' title='bbox 727 971 865 999; x_wconf 78' lang='lat' dir='ltr'>Patavini</span> <span class='ocrx_word' id='word_1_115' title='bbox 886 972 910 999; x_wconf 90' lang='lat' dir='ltr'><strong>B</strong></span> <span class='ocrx_word' id='word_1_116' title='bbox 933 969 977 1000; x_wconf 90' lang='lat'>60.</span> <span class='ocrx_word' id='word_1_117' title='bbox 1002 971 1034 998; x_wconf 88' lang='lat' dir='ltr'>C.</span> <span class='ocrx_word' id='word_1_118' title='bbox 1055 986 1092 990; x_wconf 89' lang='lat'>—</span> <span class='ocrx_word' id='word_1_119' title='bbox 1112 969 1138 1004; x_wconf 78' lang='lat'>2,</span> <span class='ocrx_word' id='word_1_120' title='bbox 1160 970 1177 999; x_wconf 90' lang='lat'>5</span> <span class='ocrx_word' id='word_1_121' title='bbox 1198 980 1231 999; x_wconf 88' lang='lat' dir='ltr'>se</span> <span class='ocrx_word' id='word_1_122' title='bbox 1249 971 1324 998; x_wconf 83' lang='lat' dir='ltr'>fehlt</span> <span class='ocrx_word' id='word_1_123' title='bbox 1335 970 1419 998; x_wconf 83' lang='lat' dir='ltr'>ABG.</span> <span class='ocrx_word' id='word_1_124' title='bbox 1434 985 1472 989; x_wconf 98' lang='lat'><strong>—</strong></span> 
     </span>
     <span class='ocr_line' id='line_1_18' title="bbox 169 1004 1475 1044; baseline 0.002 -10"><span class='ocrx_word' id='word_1_125' title='bbox 169 1004 199 1040; x_wconf 84' lang='lat'>3,</span> <span class='ocrx_word' id='word_1_126' title='bbox 224 1005 238 1033; x_wconf 91' lang='lat'>1</span> <span class='ocrx_word' id='word_1_127' title='bbox 266 1007 356 1035; x_wconf 84' lang='lat' dir='ltr'>Jubet</span> <span class='ocrx_word' id='word_1_128' title='bbox 379 1007 430 1034; x_wconf 89' lang='lat' dir='ltr'>ille</span> <span class='ocrx_word' id='word_1_129' title='bbox 457 1007 540 1035; x_wconf 77' lang='lat' dir='ltr'>ABG.</span> <span class='ocrx_word' id='word_1_130' title='bbox 567 1022 603 1026; x_wconf 89' lang='lat'>—</span> <span class='ocrx_word' id='word_1_131' title='bbox 632 1006 663 1040; x_wconf 83' lang='lat'>3,</span> <span class='ocrx_word' id='word_1_132' title='bbox 685 1006 702 1035; x_wconf 87' lang='grc'>6</span> <span class='ocrx_word' id='word_1_133' title='bbox 726 1009 762 1035; x_wconf 86' lang='lat' dir='ltr'>In</span> <span class='ocrx_word' id='word_1_134' title='bbox 788 1010 865 1036; x_wconf 81' lang='lat' dir='ltr'>fama</span> <span class='ocrx_word' id='word_1_135' title='bbox 891 1011 1038 1036; x_wconf 84' lang='lat' dir='ltr'>consortio</span> <span class='ocrx_word' id='word_1_136' title='bbox 1059 1008 1143 1036; x_wconf 79' lang='lat' dir='ltr'>ABG.</span> <span class='ocrx_word' id='word_1_137' title='bbox 1164 1024 1202 1028; x_wconf 89' lang='lat'>—</span> <span class='ocrx_word' id='word_1_138' title='bbox 1220 1008 1253 1044; x_wconf 86' lang='lat'>4,</span> <span class='ocrx_word' id='word_1_139' title='bbox 1275 1007 1295 1036; x_wconf 89' lang='lat'>4</span> <span class='ocrx_word' id='word_1_140' title='bbox 1322 1008 1475 1037; x_wconf 78' lang='lat' dir='ltr'>deti-ahere</span> 
     </span>
     <span class='ocr_line' id='line_1_19' title="bbox 167 1042 700 1080; baseline 0.004 -9"><span class='ocrx_word' id='word_1_141' title='bbox 167 1043 250 1072; x_wconf 76' lang='lat' dir='ltr'>ABG.</span> <span class='ocrx_word' id='word_1_142' title='bbox 273 1059 307 1063; x_wconf 97' lang='lat'><strong>—</strong></span> <span class='ocrx_word' id='word_1_143' title='bbox 328 1043 354 1079; x_wconf 88' lang='lat'>5,</span> <span class='ocrx_word' id='word_1_144' title='bbox 375 1042 393 1070; x_wconf 83' lang='lat'>2</span> <span class='ocrx_word' id='word_1_145' title='bbox 412 1046 598 1080; x_wconf 81' lang='lat' dir='ltr'>Mentemquc</span> <span class='ocrx_word' id='word_1_146' title='bbox 616 1045 700 1073; x_wconf 76' lang='lat' dir='ltr'>ABG.</span> 
     </span>
    </p>
   </div>
   <div class='ocr_carea' id='block_1_6' title="bbox 617 1193 1019 1226">
    <p class='ocr_par' dir='ltr' id='par_1_12' title="bbox 617 1193 1019 1226">
     <span class='ocr_line' id='line_1_20' title="bbox 617 1193 1019 1226; baseline 0.005 -2"><span class='ocrx_word' id='word_1_147' title='bbox 617 1193 683 1225; x_wconf 83' lang='lat'>285.</span> <span class='ocrx_word' id='word_1_148' title='bbox 715 1194 759 1225; x_wconf 89' lang='lat' dir='ltr'>De</span> <span class='ocrx_word' id='word_1_149' title='bbox 780 1195 892 1225; x_wconf 82' lang='lat' dir='ltr'>saneta</span> <span class='ocrx_word' id='word_1_150' title='bbox 914 1194 1019 1226; x_wconf 87' lang='lat' dir='ltr'>Lucia.</span> 
     </span>
    </p>
   </div>
   <div class='ocr_carea' id='block_1_7' title="bbox 174 1270 1418 2237">
    <p class='ocr_par' dir='ltr' id='par_1_13' title="bbox 174 1270 1418 2237">
     <span class='ocr_line' id='line_1_21' title="bbox 716 1270 912 1301; baseline 0.005 -1"><span class='ocrx_word' id='word_1_151' title='bbox 716 1270 763 1300; x_wconf 89' lang='lat' dir='ltr'>Ad</span> <span class='ocrx_word' id='word_1_152' title='bbox 780 1271 912 1301; x_wconf 81' lang='lat' dir='ltr'>Laudes.</span> 
     </span>
     <span class='ocr_line' id='line_1_22' title="bbox 174 1347 1264 1383; baseline 0.004 -4"><span class='ocrx_word' id='word_1_153' title='bbox 174 1347 205 1379; x_wconf 82' lang='lat'>1.</span> <span class='ocrx_word' id='word_1_154' title='bbox 231 1347 317 1379; x_wconf 86' lang='lat' dir='ltr'>Voce</span> <span class='ocrx_word' id='word_1_155' title='bbox 343 1355 477 1379; x_wconf 86' lang='lat' dir='ltr'>consona</span> <span class='ocrx_word' id='word_1_156' title='bbox 501 1348 666 1380; x_wconf 86' lang='lat' dir='ltr'>laudantes</span> <span class='ocrx_word' id='word_1_157' title='bbox 849 1352 881 1383; x_wconf 80' lang='lat'>4.</span> <span class='ocrx_word' id='word_1_158' title='bbox 910 1351 1056 1383; x_wconf 84' lang='lat' dir='ltr'>Gloriosa</span> <span class='ocrx_word' id='word_1_159' title='bbox 1081 1351 1138 1382; x_wconf 85' lang='lat' dir='ltr'>sed</span> <span class='ocrx_word' id='word_1_160' title='bbox 1162 1351 1264 1383; x_wconf 86' lang='lat' dir='ltr'>Lucia</span> 
     </span>
     <span class='ocr_line' id='line_1_23' title="bbox 277 1394 1365 1442; baseline 0.004 -16"><span class='ocrx_word' id='word_1_161' title='bbox 277 1394 436 1426; x_wconf 84' lang='lat' dir='ltr'>Christum</span> <span class='ocrx_word' id='word_1_162' title='bbox 461 1403 565 1435; x_wconf 83' lang='lat' dir='ltr'>regem</span> <span class='ocrx_word' id='word_1_163' title='bbox 589 1395 720 1439; x_wconf 83' lang='lat' dir='ltr'>pariter,</span> <span class='ocrx_word' id='word_1_164' title='bbox 955 1397 1024 1429; x_wconf 86' lang='lat' dir='ltr'>Nec</span> <span class='ocrx_word' id='word_1_165' title='bbox 1046 1406 1199 1438; x_wconf 87' lang='lat' dir='ltr'>percussa</span> <span class='ocrx_word' id='word_1_166' title='bbox 1222 1398 1365 1442; x_wconf 86' lang='lat' dir='ltr'>moritur,</span> 
     </span>
     <span class='ocr_line' id='line_1_24' title="bbox 230 1440 1342 1485; baseline 0.005 -14"><span class='ocrx_word' id='word_1_167' title='bbox 230 1441 322 1472; x_wconf 82' lang='lat' dir='ltr'>Diem</span> <span class='ocrx_word' id='word_1_168' title='bbox 340 1440 455 1472; x_wconf 83' lang='lat' dir='ltr'>festum</span> <span class='ocrx_word' id='word_1_169' title='bbox 481 1442 676 1474; x_wconf 83' lang='lat' dir='ltr'>celebrantes</span> <span class='ocrx_word' id='word_1_170' title='bbox 907 1446 1018 1478; x_wconf 88' lang='lat' dir='ltr'>Donec</span> <span class='ocrx_word' id='word_1_171' title='bbox 1042 1454 1115 1478; x_wconf 89' lang='lat' dir='ltr'>caro</span> <span class='ocrx_word' id='word_1_172' title='bbox 1141 1446 1260 1479; x_wconf 85' lang='lat' dir='ltr'>Christi</span> <span class='ocrx_word' id='word_1_173' title='bbox 1285 1446 1342 1485; x_wconf 90' lang='lat' dir='ltr'>pia</span> 
     </span>
     <span class='ocr_line' id='line_1_25' title="bbox 281 1487 1286 1534; baseline 0.007 -16"><span class='ocrx_word' id='word_1_174' title='bbox 281 1487 485 1520; x_wconf 86' lang='lat' dir='ltr'>Concinamus</span> <span class='ocrx_word' id='word_1_175' title='bbox 512 1489 656 1532; x_wconf 86' lang='lat' dir='ltr'>dulciter,</span> <span class='ocrx_word' id='word_1_176' title='bbox 954 1492 1108 1526; x_wconf 84' lang='lat' dir='ltr'>Morienti</span> <span class='ocrx_word' id='word_1_177' title='bbox 1136 1494 1286 1534; x_wconf 86' lang='lat' dir='ltr'>traditur,</span> 
     </span>
     <span class='ocr_line' id='line_1_26' title="bbox 232 1533 1302 1579; baseline 0.007 -15"><span class='ocrx_word' id='word_1_178' title='bbox 232 1533 435 1574; x_wconf 82' lang='lat' dir='ltr'>Expugnavit</span> <span class='ocrx_word' id='word_1_179' title='bbox 458 1536 677 1576; x_wconf 84' lang='lat' dir='ltr'>impugnantes</span> <span class='ocrx_word' id='word_1_180' title='bbox 906 1540 1087 1579; x_wconf 84' lang='lat' dir='ltr'>Purpurata</span> <span class='ocrx_word' id='word_1_181' title='bbox 1112 1540 1158 1571; x_wconf 91' lang='lat' dir='ltr'>sic</span> <span class='ocrx_word' id='word_1_182' title='bbox 1184 1541 1224 1572; x_wconf 91' lang='lat' dir='ltr'>de</span> <span class='ocrx_word' id='word_1_183' title='bbox 1248 1541 1302 1572; x_wconf 86' lang='lat' dir='ltr'>via</span> 
     </span>
     <span class='ocr_line' id='line_1_27' title="bbox 277 1581 1322 1628; baseline 0.011 -17"><span class='ocrx_word' id='word_1_184' title='bbox 277 1582 343 1620; x_wconf 77' lang='lat' dir='ltr'>Quo</span> <span class='ocrx_word' id='word_1_185' title='bbox 366 1581 467 1613; x_wconf 86' lang='lat' dir='ltr'>Lucia</span> <span class='ocrx_word' id='word_1_186' title='bbox 489 1582 625 1617; x_wconf 84' lang='lat' dir='ltr'>fortiter.</span> <span class='ocrx_word' id='word_1_187' title='bbox 954 1586 992 1617; x_wconf 87' lang='lat' dir='ltr'>In</span> <span class='ocrx_word' id='word_1_188' title='bbox 1018 1596 1114 1627; x_wconf 86' lang='lat' dir='ltr'>regno</span> <span class='ocrx_word' id='word_1_189' title='bbox 1140 1588 1322 1628; x_wconf 79' lang='lat' dir='ltr'>suscipitur.</span> 
     </span>
     <span class='ocr_line' id='line_1_28' title="bbox 178 1646 1351 1693; baseline 0.008 -16"><span class='ocrx_word' id='word_1_190' title='bbox 178 1648 198 1678; x_wconf 83' lang='lat'><strong>2</strong></span> <span class='ocrx_word' id='word_1_191' title='bbox 236 1646 323 1686; x_wconf 86' lang='lat' dir='ltr'>Ignis</span> <span class='ocrx_word' id='word_1_192' title='bbox 348 1646 446 1678; x_wconf 91' lang='lat' dir='ltr'>virtus</span> <span class='ocrx_word' id='word_1_193' title='bbox 471 1651 638 1687; x_wconf 84' lang='lat' dir='ltr'>superatur</span> <span class='ocrx_word' id='word_1_194' title='bbox 851 1653 882 1684; x_wconf 87' lang='lat'>5.</span> <span class='ocrx_word' id='word_1_195' title='bbox 910 1653 1008 1692; x_wconf 84' lang='lat' dir='ltr'>Opem</span> <span class='ocrx_word' id='word_1_196' title='bbox 1034 1654 1122 1692; x_wconf 88' lang='lat' dir='ltr'>cujus</span> <span class='ocrx_word' id='word_1_197' title='bbox 1146 1653 1351 1693; x_wconf 87' lang='lat' dir='ltr'>imploremus</span> 
     </span>
     <span class='ocr_line' id='line_1_29' title="bbox 281 1693 1289 1742; baseline 0.007 -16"><span class='ocrx_word' id='word_1_198' title='bbox 281 1693 420 1734; x_wconf 86' lang='lat' dir='ltr'>Virginis</span> <span class='ocrx_word' id='word_1_199' title='bbox 444 1695 606 1737; x_wconf 81' lang='lat' dir='ltr'>miraculo,</span> <span class='ocrx_word' id='word_1_200' title='bbox 952 1699 998 1732; x_wconf 88' lang='lat' dir='ltr'>Et</span> <span class='ocrx_word' id='word_1_201' title='bbox 1021 1701 1106 1732; x_wconf 87' lang='lat' dir='ltr'>alma</span> <span class='ocrx_word' id='word_1_202' title='bbox 1129 1700 1289 1742; x_wconf 86' lang='lat' dir='ltr'>suffragia,</span> 
     </span>
     <span class='ocr_line' id='line_1_30' title="bbox 234 1740 1418 1789; baseline 0.009 -17"><span class='ocrx_word' id='word_1_203' title='bbox 234 1740 339 1780; x_wconf 89' lang='lat' dir='ltr'>thue</span> <span class='ocrx_word' id='word_1_204' title='bbox 363 1749 454 1781; x_wconf 86' lang='lat' dir='ltr'>maga</span> <span class='ocrx_word' id='word_1_205' title='bbox 477 1745 642 1781; x_wconf 88' lang='lat' dir='ltr'>reputatur</span> <span class='ocrx_word' id='word_1_206' title='bbox 909 1746 975 1779; x_wconf 80' lang='lat' dir='ltr'>Nos</span> <span class='ocrx_word' id='word_1_207' title='bbox 1001 1748 1054 1787; x_wconf 89' lang='lat' dir='ltr'>qui</span> <span class='ocrx_word' id='word_1_208' title='bbox 1080 1756 1193 1788; x_wconf 85' lang='lat' dir='ltr'>corpus</span> <span class='ocrx_word' id='word_1_209' title='bbox 1217 1750 1418 1789; x_wconf 86' lang='lat' dir='ltr'>possidemus</span> 
     </span>
     <span class='ocr_line' id='line_1_31' title="bbox 279 1788 1317 1838; baseline 0.011 -20"><span class='ocrx_word' id='word_1_210' title='bbox 279 1788 473 1820; x_wconf 88' lang='lat' dir='ltr'>Inclamante</span> <span class='ocrx_word' id='word_1_211' title='bbox 495 1790 624 1831; x_wconf 84' lang='lat' dir='ltr'>populo,</span> <span class='ocrx_word' id='word_1_212' title='bbox 955 1794 1035 1834; x_wconf 84' lang='lat' dir='ltr'>Ejus</span> <span class='ocrx_word' id='word_1_213' title='bbox 1060 1795 1120 1827; x_wconf 91' lang='lat' dir='ltr'>hac</span> <span class='ocrx_word' id='word_1_214' title='bbox 1143 1796 1176 1827; x_wconf 88' lang='lat' dir='ltr'>in</span> <span class='ocrx_word' id='word_1_215' title='bbox 1202 1797 1317 1838; x_wconf 87' lang='lat' dir='ltr'>patria,</span> 
     </span>
     <span class='ocr_line' id='line_1_32' title="bbox 235 1833 1374 1885; baseline 0.011 -20"><span class='ocrx_word' id='word_1_216' title='bbox 235 1833 415 1867; x_wconf 78' lang='lat' dir='ltr'>Consularis</span> <span class='ocrx_word' id='word_1_217' title='bbox 438 1837 496 1868; x_wconf 92' lang='lat' dir='ltr'>sed</span> <span class='ocrx_word' id='word_1_218' title='bbox 519 1837 674 1880; x_wconf 85' lang='lat' dir='ltr'>placatur,</span> <span class='ocrx_word' id='word_1_219' title='bbox 908 1841 953 1874; x_wconf 85' lang='lat' dir='ltr'>Ut</span> <span class='ocrx_word' id='word_1_220' title='bbox 976 1843 1123 1882; x_wconf 80' lang='lat' dir='ltr'>regnanti</span> <span class='ocrx_word' id='word_1_221' title='bbox 1148 1852 1374 1885; x_wconf 82' lang='lat' dir='ltr'>conregnemus</span> 
     </span>
     <span class='ocr_line' id='line_1_33' title="bbox 282 1881 1310 1931; baseline 0.012 -18"><span class='ocrx_word' id='word_1_222' title='bbox 282 1881 364 1914; x_wconf 86' lang='lat' dir='ltr'>Dum</span> <span class='ocrx_word' id='word_1_223' title='bbox 387 1882 500 1915; x_wconf 77' lang='lat' dir='ltr'>litatur</span> <span class='ocrx_word' id='word_1_224' title='bbox 521 1883 640 1924; x_wconf 78' lang='lat' dir='ltr'>jugulo.</span> <span class='ocrx_word' id='word_1_225' title='bbox 955 1888 1075 1922; x_wconf 84' lang='lat' dir='ltr'>Summi</span> <span class='ocrx_word' id='word_1_226' title='bbox 1101 1891 1184 1931; x_wconf 84' lang='lat' dir='ltr'>regis</span> <span class='ocrx_word' id='word_1_227' title='bbox 1212 1893 1310 1926; x_wconf 87' lang='lat' dir='ltr'>curia.</span> 
     </span>
     <span class='ocr_line' id='line_1_34' title="bbox 178 1947 1300 1991; baseline 0.008 -10"><span class='ocrx_word' id='word_1_228' title='bbox 178 1950 208 1981; x_wconf 82' lang='lat'>3.</span> <span class='ocrx_word' id='word_1_229' title='bbox 232 1947 363 1980; x_wconf 83' lang='lat' dir='ltr'>Romam</span> <span class='ocrx_word' id='word_1_230' title='bbox 386 1950 525 1983; x_wconf 89' lang='lat' dir='ltr'>vinctum</span> <span class='ocrx_word' id='word_1_231' title='bbox 552 1952 638 1991; x_wconf 74' lang='lat' dir='ltr'>cnjus</span> <span class='ocrx_word' id='word_1_232' title='bbox 663 1956 738 1985; x_wconf 89' lang='lat' dir='ltr'>ante</span> <span class='ocrx_word' id='word_1_233' title='bbox 850 1956 881 1987; x_wconf 87' lang='lat'>6.</span> <span class='ocrx_word' id='word_1_234' title='bbox 909 1955 1019 1987; x_wconf 81' lang='lat' dir='ltr'>Gloria</span> <span class='ocrx_word' id='word_1_235' title='bbox 1045 1957 1151 1989; x_wconf 89' lang='lat' dir='ltr'>cordis</span> <span class='ocrx_word' id='word_1_236' title='bbox 1177 1961 1209 1989; x_wconf 89' lang='lat' dir='ltr'>et</span> <span class='ocrx_word' id='word_1_237' title='bbox 1235 1959 1300 1991; x_wconf 89' lang='lat' dir='ltr'>oris</span> 
     </span>
     <span class='ocr_line' id='line_1_35' title="bbox 279 1996 1314 2046; baseline 0.011 -19"><span class='ocrx_word' id='word_1_238' title='bbox 279 1996 392 2028; x_wconf 90' lang='lat' dir='ltr'>Oculos</span> <span class='ocrx_word' id='word_1_239' title='bbox 417 1998 620 2030; x_wconf 85' lang='lat' dir='ltr'>Paschasium</span> <span class='ocrx_word' id='word_1_240' title='bbox 954 2003 1158 2037; x_wconf 87' lang='lat' dir='ltr'>Persolvatur</span> <span class='ocrx_word' id='word_1_241' title='bbox 1182 2006 1314 2046; x_wconf 71' lang='lat' dir='ltr'>numini.</span> 
     </span>
     <span class='ocr_line' id='line_1_36' title="bbox 232 2041 1312 2095; baseline 0.013 -23"><span class='ocrx_word' id='word_1_242' title='bbox 232 2041 360 2074; x_wconf 88' lang='lat' dir='ltr'>Ducunt</span> <span class='ocrx_word' id='word_1_243' title='bbox 384 2042 468 2075; x_wconf 85' lang='lat' dir='ltr'>fama</span> <span class='ocrx_word' id='word_1_244' title='bbox 491 2045 664 2090; x_wconf 83' lang='lat' dir='ltr'>laborante,</span> <span class='ocrx_word' id='word_1_245' title='bbox 909 2050 1090 2083; x_wconf 83' lang='lat' dir='ltr'>Gratiarum</span> <span class='ocrx_word' id='word_1_246' title='bbox 1117 2055 1148 2083; x_wconf 90' lang='lat' dir='ltr'>et</span> <span class='ocrx_word' id='word_1_247' title='bbox 1171 2053 1312 2095; x_wconf 85' lang='lat' dir='ltr'>honoriS,</span> 
     </span>
     <span class='ocr_line' id='line_1_37' title="bbox 281 2090 1350 2143; baseline 0.013 -23"><span class='ocrx_word' id='word_1_248' title='bbox 281 2090 376 2128; x_wconf 84' lang='lat' dir='ltr'>Quem</span> <span class='ocrx_word' id='word_1_249' title='bbox 400 2094 488 2123; x_wconf 87' lang='lat' dir='ltr'>reatu</span> <span class='ocrx_word' id='word_1_250' title='bbox 512 2093 639 2125; x_wconf 78' lang='lat' dir='ltr'>noxium</span> <span class='ocrx_word' id='word_1_251' title='bbox 953 2097 1052 2141; x_wconf 84' lang='lat' dir='ltr'>Patri,</span> <span class='ocrx_word' id='word_1_252' title='bbox 1079 2099 1189 2139; x_wconf 83' lang='lat' dir='ltr'>verbo,</span> <span class='ocrx_word' id='word_1_253' title='bbox 1215 2099 1350 2143; x_wconf 87' lang='lat' dir='ltr'>flamini,</span> 
     </span>
     <span class='ocr_line' id='line_1_38' title="bbox 233 2135 1390 2183; baseline 0.014 -17"><span class='ocrx_word' id='word_1_254' title='bbox 233 2135 429 2169; x_wconf 84' lang='lat' dir='ltr'>Perimerunt</span> <span class='ocrx_word' id='word_1_255' title='bbox 451 2139 613 2177; x_wconf 85' lang='lat' dir='ltr'>judicante</span> <span class='ocrx_word' id='word_1_256' title='bbox 908 2144 966 2183; x_wconf 76' lang='lat' dir='ltr'>Qui</span> <span class='ocrx_word' id='word_1_257' title='bbox 992 2154 1140 2179; x_wconf 86' lang='lat' dir='ltr'>coronam</span> <span class='ocrx_word' id='word_1_258' title='bbox 1164 2147 1238 2181; x_wconf 90' lang='lat' dir='ltr'>huic</span> <span class='ocrx_word' id='word_1_259' title='bbox 1266 2149 1390 2182; x_wconf 84' lang='lat' dir='ltr'>decoris</span> 
     </span>
     <span class='ocr_line' id='line_1_39' title="bbox 281 2183 1367 2237; baseline 0.016 -23"><span class='ocrx_word' id='word_1_260' title='bbox 281 2183 398 2216; x_wconf 81' lang='lat' dir='ltr'>Senatu</span> <span class='ocrx_word' id='word_1_261' title='bbox 422 2194 480 2224; x_wconf 90' lang='lat' dir='ltr'>per</span> <span class='ocrx_word' id='word_1_262' title='bbox 502 2186 652 2228; x_wconf 84' lang='lat' dir='ltr'>gladium.</span> <span class='ocrx_word' id='word_1_263' title='bbox 955 2191 1056 2224; x_wconf 88' lang='lat' dir='ltr'>Dedit</span> <span class='ocrx_word' id='word_1_264' title='bbox 1079 2203 1216 2234; x_wconf 89' lang='lat' dir='ltr'>sponsae</span> <span class='ocrx_word' id='word_1_265' title='bbox 1240 2196 1367 2237; x_wconf 86' lang='lat' dir='ltr'>virgini.</span> 
     </span>
    </p>
   </div>
   <div class='ocr_carea' id='block_1_8' title="bbox 175 2266 1475 2354">
    <p class='ocr_par' dir='ltr' id='par_1_14' title="bbox 175 2266 1475 2354">
     <span class='ocr_line' id='line_1_40' title="bbox 249 2266 1475 2313; baseline 0.017 -20"><span class='ocrx_word' id='word_1_266' title='bbox 249 2266 352 2294; x_wconf 88' lang='lat' dir='ltr'>Dium.</span> <span class='ocrx_word' id='word_1_267' title='bbox 373 2277 424 2295; x_wconf 88' lang='lat' dir='ltr'>ms.</span> <span class='ocrx_word' id='word_1_268' title='bbox 446 2269 682 2300; x_wconf 71' lang='lat' dir='ltr'>praedicatorum</span> <span class='ocrx_word' id='word_1_269' title='bbox 702 2282 776 2301; x_wconf 86' lang='lat' dir='ltr'>saec.</span> <span class='ocrx_word' id='word_1_270' title='bbox 801 2272 846 2302; x_wconf 90' lang='lat'>15.</span> <span class='ocrx_word' id='word_1_271' title='bbox 884 2276 954 2303; x_wconf 89' lang='lat' dir='ltr'>Cod.</span> <span class='ocrx_word' id='word_1_272' title='bbox 968 2276 1111 2306; x_wconf 87' lang='lat' dir='ltr'>Marcian.</span> <span class='ocrx_word' id='word_1_273' title='bbox 1124 2279 1151 2305; x_wconf 94' lang='lat' dir='ltr'>L</span> <span class='ocrx_word' id='word_1_274' title='bbox 1166 2279 1182 2307; x_wconf 94' lang='lat' dir='ltr'>I</span> <span class='ocrx_word' id='word_1_275' title='bbox 1201 2278 1247 2308; x_wconf 87' lang='lat'>83.</span> <span class='ocrx_word' id='word_1_276' title='bbox 1262 2281 1299 2309; x_wconf 93' lang='lat' dir='ltr'>A.</span> <span class='ocrx_word' id='word_1_277' title='bbox 1313 2297 1353 2302; x_wconf 85' lang='lat'>—</span> <span class='ocrx_word' id='word_1_278' title='bbox 1365 2285 1475 2313; x_wconf 86' lang='lat' dir='ltr'>Dium-</span> 
     </span>
     <span class='ocr_line' id='line_1_41' title="bbox 175 2304 1475 2354; baseline 0.017 -24"><span class='ocrx_word' id='word_1_279' title='bbox 175 2313 226 2332; x_wconf 91' lang='lat' dir='ltr'>ms.</span> <span class='ocrx_word' id='word_1_280' title='bbox 247 2304 483 2335; x_wconf 83' lang='lat' dir='ltr'>Praedicatorum</span> <span class='ocrx_word' id='word_1_281' title='bbox 508 2316 582 2336; x_wconf 83' lang='lat' dir='ltr'>saec.</span> <span class='ocrx_word' id='word_1_282' title='bbox 605 2309 647 2338; x_wconf 81' lang='lat'>15.</span> <span class='ocrx_word' id='word_1_283' title='bbox 689 2310 760 2338; x_wconf 81' lang='lat' dir='ltr'>Cod.</span> <span class='ocrx_word' id='word_1_284' title='bbox 781 2313 923 2341; x_wconf 79' lang='lat' dir='ltr'>Marcian.</span> <span class='ocrx_word' id='word_1_285' title='bbox 941 2314 989 2341; x_wconf 84' lang='lat' dir='ltr'>ZL</span> <span class='ocrx_word' id='word_1_286' title='bbox 1015 2313 1068 2343; x_wconf 76' lang='lat'>160</span> <span class='ocrx_word' id='word_1_287' title='bbox 1089 2317 1122 2344; x_wconf 85' lang='lat' dir='ltr'>B.</span> <span class='ocrx_word' id='word_1_288' title='bbox 1143 2332 1181 2336; x_wconf 90' lang='lat'><strong>—</strong></span> <span class='ocrx_word' id='word_1_289' title='bbox 1200 2319 1286 2347; x_wconf 81' lang='lat' dir='ltr'>Brev.</span> <span class='ocrx_word' id='word_1_290' title='bbox 1306 2330 1362 2349; x_wconf 84' lang='lat' dir='ltr'>ms.</span> <span class='ocrx_word' id='word_1_291' title='bbox 1386 2323 1475 2354; x_wconf 77' lang='lat' dir='ltr'>Prae.</span> 
     </span>
    </p>
   </div>
   <div class='ocr_carea' id='block_1_9' title="bbox 174 2342 1476 2408">
    <p class='ocr_par' dir='ltr' id='par_1_15' title="bbox 174 2342 1476 2408">
     <span class='ocr_line' id='line_1_42' title="bbox 174 2342 1476 2408; baseline 0.016 -39"><span class='ocrx_word' id='word_1_292' title='bbox 174 2342 337 2408; x_wconf 58' lang='grc' dir='ltr'>ῗίοεὴέηω</span> <span class='ocrx_word' id='word_1_293' title='bbox 356 2351 430 2371; x_wconf 87' lang='lat' dir='ltr'>saec.</span> <span class='ocrx_word' id='word_1_294' title='bbox 453 2344 496 2373; x_wconf 87' lang='lat'>15.</span> <span class='ocrx_word' id='word_1_295' title='bbox 527 2345 594 2374; x_wconf 85' lang='lat' dir='ltr'>Ood.</span> <span class='ocrx_word' id='word_1_296' title='bbox 616 2348 709 2384; x_wconf 84' lang='lat' dir='ltr'>Capit.</span> <span class='ocrx_word' id='word_1_297' title='bbox 729 2351 867 2378; x_wconf 83' lang='lat' dir='ltr'>Patavini</span> <span class='ocrx_word' id='word_1_298' title='bbox 885 2352 909 2379; x_wconf 92' lang='lat' dir='ltr'>B</span> <span class='ocrx_word' id='word_1_299' title='bbox 930 2350 975 2380; x_wconf 88' lang='lat'>60.</span> <span class='ocrx_word' id='word_1_300' title='bbox 999 2352 1029 2380; x_wconf 88' lang='lat' dir='ltr'>C.</span> <span class='ocrx_word' id='word_1_301' title='bbox 1044 2368 1081 2373; x_wconf 85' lang='lat'>—</span> <span class='ocrx_word' id='word_1_302' title='bbox 1105 2351 1131 2388; x_wconf 86' lang='lat'>3,</span> <span class='ocrx_word' id='word_1_303' title='bbox 1155 2353 1170 2383; x_wconf 86' lang='lat'>1</span> <span class='ocrx_word' id='word_1_304' title='bbox 1188 2357 1324 2392; x_wconf 85' lang='lat' dir='ltr'>junctum</span> <span class='ocrx_word' id='word_1_305' title='bbox 1338 2361 1373 2395; x_wconf 91' lang='lat' dir='ltr'>A,</span> <span class='ocrx_word' id='word_1_306' title='bbox 1393 2362 1476 2389; x_wconf 83' lang='lat' dir='ltr'>vinc-</span> 
     </span>
     <span class='ocr_line' id='line_1_43' title="bbox 188 2389 286 2408; baseline -0.01 0"><span class='ocrx_word' id='word_1_307' title='bbox 188 2389 233 2408; x_wconf 78' lang='lat' dir='ltr'>am</span> <span class='ocrx_word' id='word_1_308' title='bbox 280 2401 286 2407; x_wconf 97' lang='lat'>.</span> 
     </span>
    </p>
   </div>
  </div>
 </body>
</html>
