1651 2621
751 139 1006 173 —202—

652 231 719 264 343.
751 233 795 264 De
815 231 922 262 sancto
943 228 1105 260 Mercurio.

748 299 795 329 Ad
814 298 1004 328 Nocturnum.

234 365 264 398 1.
291 362 344 395 Ad
368 362 518 402 martyris
543 358 699 393 Mercurii
933 358 964 390 6,
991 355 1074 387 Dum
1099 352 1279 385 referuntur
1302 351 1438 387 tyranno

290 410 390 442 Festa
410 409 517 440 venite
540 407 713 447 supplices,
989 401 1081 434 Talia
1105 400 1198 440 facta,
1226 395 1346 428 concite
1413 438 1419 444 ¹

292 456 466 489 Gaudendo
490 457 566 487 vota
590 454 714 490 solvite,
991 449 1142 481 Fremens
1167 445 1262 477 corde
1285 441 1446 492 ingemuit,

289 504 416 535 Laudes
440 502 580 536 vincenti
605 500 741 532 reddite.
989 496 1076 528 Ense
1098 491 1301 534 plectendum
1322 485 1458 526 flagitat.

236 563 268 595 2.
292 558 441 593 conferto
467 559 517 590 cui
541 558 575 589 in
598 556 720 597 proelio
935 555 965 587 7.
991 551 1163 585 Adducunt
1185 547 1325 578 vinctum
1341 544 1524 581 martyrem,

292 607 446 639 Mandata
468 613 605 646 praepes
631 603 753 642 detulit,
991 598 1093 631 Dictis
1118 602 1266 628 vesanum
1289 591 1421 643 superat

294 653 409 686 Verbis
433 652 572 691 firmans,
599 659 640 682 ne
664 649 812 690 ambigat,
990 646 1034 678 Et
1056 645 1154 676 multa
1177 643 1250 682 post
1272 637 1430 678 suppilcia

292 700 484 734 Promittens
512 702 543 730 et
567 697 741 729 victoriam.
991 692 1090 724 Flavo
1112 693 1235 723 secatur
1257 686 1386 718 vertice.

236 760 267 792 3.
292 757 355 789 Hic
379 759 520 795 comptus
547 754 647 785 crucis
671 754 805 791 tropheo
935 752 966 783 8.
992 749 1091 781 Tutus
1115 753 1250 787 superno
1274 749 1404 774 munere

293 805 440 836 Parmam
465 804 590 842 gestans
616 803 647 831 et
670 800 823 839 lanceam,
991 797 1163 829 Tormenta
1185 792 1263 825 vicit
1286 789 1399 829 omnia,

293 851 439 890 Pugnans
464 848 568 881 fidelis
594 846 731 886 fortiter,
992 843 1060 875 Deo
1085 843 1217 874 vocante
1242 838 1372 869 coelitus

292 897 385 929 Fisus
410 896 505 928 armis
532 893 729 926 coelestibus,
993 890 1133 929 Sumpsit
1156 887 1292 927 palmam
1317 883 1479 916 victoriae.

237 957 268 988 4.
294 953 453 992 Principis
479 960 568 982 caeso
595 950 698 989 capite
937 949 967 980 9.
993 946 1087 977 Hunc
1109 944 1313 984 imploremus
1336 939 1458 979 pariter

294 1000 459 1038 Responsa
477 999 592 1030 dantur
616 997 711 1035 illico,
992 992 1059 1024 Nos
1083 1000 1189 1024 omnes
1214 990 1281 1028 eJ'us
1305 986 1426 1026 famuli,

290 1047 339 1078 Tu
362 1047 469 1084 prisca
492 1047 597 1075 mente
620 1043 725 1074 recole
992 1039 1038 1072 Ut
1060 1039 1151 1071 nobis
1175 1038 1286 1076 poscat
1309 1034 1450 1074 praemia

294 1093 339 1125 Et
360 1091 455 1124 fidem
479 1091 581 1123 redde
607 1090 753 1121 debitam.
994 1085 1144 1125 Sacrique
1168 1083 1257 1123 regni
1281 1081 1407 1121 gaudia.

238 1151 270 1182 5.
296 1149 426 1180 Tinctus
452 1147 541 1187 aquis
567 1145 746 1177 salubribus
914 1144 968 1176 10.
994 1142 1062 1174 Deo
1085 1140 1232 1182 perennis
1257 1138 1359 1178 gloria

293 1195 338 1227 Et
363 1194 519 1226 delibutus
546 1192 715 1224 chrismate
992 1189 1037 1220 Et
1060 1189 1232 1228 gratiarum
1257 1185 1357 1225 copia,

295 1241 422 1280 Sprevit
447 1240 543 1272 saecli
566 1239 710 1270 militiam
996 1236 1055 1275 Qui
1077 1245 1134 1267 nos
1160 1234 1324 1265 credentes
1348 1229 1475 1263 refovet

296 1288 371 1319 Tiro
398 1288 546 1320 deridens
572 1286 715 1317 Decium.
997 1283 1044 1314 Et
1066 1285 1177 1323 regnat
1200 1283 1274 1312 ante
1297 1279 1434 1311 saecula.

308 1353 393 1379 BreV.
420 1360 473 1379 ms.
493 1351 523 1378 S.
544 1350 672 1385 Sophiae
691 1350 901 1377 Beneventanus
938 1356 1011 1375 saec.
1043 1345 1088 1374 11.
1128 1347 1196 1375 Cod.
1215 1344 1401 1381 Neapolitan.
1427 1344 1471 1371 VI
1493 1343 1522 1370 E

233 1388 280 1417 43.
299 1390 336 1416 A.
354 1403 392 1407 -
411 1390 494 1417 BreV.
514 1397 566 1415 ms.
588 1387 616 1414 S.
638 1387 765 1422 Sophiae
785 1388 1005 1415 Beneventanae
1023 1393 1097 1413 saec.
1119 1383 1163 1412 11.
1194 1383 1262 1412 Ood.
1282 1383 1418 1410 Vatican.
1437 1379 1523 1409 4928.

233 1428 267 1455 B.
287 1443 325 1447 —
344 1425 370 1460 8,
394 1425 409 1454 1
429 1427 518 1455 Jutus
539 1433 663 1461 superno
678 1425 713 1451 A.

666 1535 733 1566 344.
753 1535 796 1567 De
814 1537 917 1567 sancto
938 1535 1097 1566 MercurIO.

777 1604 813 1632 In
831 1602 989 1632 Laudibus.

488 1664 517 1696 1.
545 1662 671 1694 Laudes
696 1661 846 1694 Mercurii
872 1662 978 1694 dicere
1001 1661 1161 1702 martyris,

545 1709 703 1740 Virtutum
727 1710 828 1741 titulis
854 1709 992 1750 cogimur
1016 1709 1133 1748 arduis,

548 1756 666 1789 Christi
690 1756 817 1788 militiae
843 1756 976 1796 belliger
999 1755 1126 1788 inclitus

588 1803 696 1834 Terris
722 1804 834 1834 enituit
858 1803 978 1843 quibus.

489 1862 519 1893 2.
546 1860 687 1891 Bellator
710 1861 843 1898 validus,
869 1860 1021 1899 providus
1046 1860 1182 1892 hostium

546 1906 686 1939 Calcavit
707 1915 819 1939 cuneos
843 1907 982 1939 visibiles
1005 1907 1103 1951 prius,

545 1954 623 1985 Mox
647 1954 820 1986 invisibiles
844 1955 992 1986 sustinuit
1015 1955 1134 1994 globos,

589 2001 729 2032 Munitus
754 2002 859 2033 stabili
883 2001 957 2034 fide.

488 2059 518 2091 3,
545 2057 613 2088 Nec
636 2055 721 2088 flecti
745 2059 871 2090 monitis
896 2067 955 2089 nec
979 2059 1082 2099 potuit
1105 2059 1208 2101 minis,

546 2104 614 2135 Nec
640 2105 747 2144 poenis
772 2106 867 2137 variis
894 2109 924 2137 et
950 2106 1151 2147 cruciatibus,

543 2151 653 2183 Victor
675 2155 818 2192 corporei
842 2154 972 2192 spiritus
997 2155 1121 2193 aggeris

592 2199 690 2230 Liber
714 2201 820 2232 sidera
844 2201 1006 2240 prospicit.

488 2258 519 2288 4.
547 2255 670 2287 Poenae
693 2257 906 2297 multiplicant
928 2257 1121 2296 multiplices
1146 2258 1239 2297 bona,

547 2302 592 2334 Et
616 2306 772 2336 tormenta
796 2308 911 2344 parant
935 2305 1073 2346 plurima
1097 2305 1223 2346 gaudia,

547 2349 659 2384 Servat
682 2353 877 2391 propositum
903 2361 1002 2391 purus
1028 2354 1060 2383 et
1082 2354 1216 2394 integer⁵

590 2399 652 2430 Per
677 2401 759 2438 quod
785 2400 892 2432 sidera
915 2400 1067 2439 possidet.
