1651 2621
727 129 985 165 —146—

577 229 607 260 9.
636 225 686 259 Sit
709 225 847 258 trinitati
870 224 979 267 gloria,

629 273 751 311 Honor,
778 273 883 311 decus,
907 271 1085 311 imperium,

633 321 704 353 Sint
726 320 817 351 nobis
843 320 922 351 coeli
943 318 1060 358 gaudia

633 368 699 401 Per
722 367 875 401 Johannis
900 365 1092 405 suffragium.

277 423 360 451 Brev.
381 431 433 451 ωε.
447 423 723 451 Vallumhrosanum
743 431 818 450 saec.
842 420 884 449 15.
899 423 938 448 in.
971 420 1039 448 Cod.
1055 421 1216 448 Londinen.
1230 419 1319 445 Bur-n.
1332 414 1397 445 333.
1411 416 1445 443 A.
1460 429 1498 436 -α-

202 461 288 488 Brev.
315 470 366 488 ms.
382 461 657 488 Vallumhrosanurn
678 468 752 488 saec.
774 458 816 487 15.
859 459 926 487 Cod.
946 459 1126 486 Trivulzian.
1147 456 1211 485 265.
1231 456 1264 482 B.
1284 470 1321 475 —
1341 456 1426 483 Brev.
1444 461 1497 482 ms

201 499 231 525 S.
253 497 344 526 Salvii
363 498 524 526 Florentini
543 507 618 526 saec.
641 496 683 526 15.
719 498 787 525 Ood.
806 497 987 525 Riceardian.
1008 493 1073 523 372.
1089 495 1119 522 C.
1133 510 1171 514 —
1183 496 1269 522 Brev.
1290 502 1342 520 ms.
1358 492 1387 519 S.
1400 492 1498 519 Trim-

200 538 269 563 tatis
293 537 325 563 in
351 536 475 572 Alpibus
505 544 580 563 saec.
607 535 650 564 15.
698 535 766 563 Ood.
790 536 977 563 Laurentian.
999 533 1087 561 Conv.
1114 542 1177 568 sup.
1202 529 1265 560 512.
1287 531 1324 558 D.
1349 545 1385 549 —
1411 531 1497 558 Brev.

200 574 475 602 vallumbrosanum
494 575 563 609 imp.
584 583 606 601 s.
626 575 646 601 1.
668 576 696 601 et
715 582 740 600 a.
760 574 796 601 E.

453 665 521 695 244.
553 665 590 696 In
612 664 830 696 'translatione
849 672 873 695 s.
895 662 1045 695 Johannis
1066 660 1236 694 Gualberti.

735 732 784 761 Ad
802 732 957 769 Vesperas.

878 803 908 834 5.
937 799 1138 832 camaldulas
1161 801 1237 831 tunc
1261 799 1351 838 adiit,

934 846 998 880 Sed
1021 851 1127 878 tamen
1150 847 1227 878 inde
1251 846 1357 888 rediit,

202 800 232 833 1.
261 800 384 833 Gaudet
409 809 492 832 nunc
515 801 548 832 in
570 800 758 833 coelestibus

258 848 429 886 Johannes‚
455 847 516 879 Dei
540 846 686 887 famulus,

260 894 317 933 Qui
343 894 501 933 quondam
525 895 612 926 velut
634 894 736 926 lilium

262 941 397 973 Odorem
423 941 513 973 dedit
536 942 698 981 optimum.

200 998 231 1029 2.
257 996 339 1028 Nam
362 1005 416 1028 reo
443 997 518 1029 data
540 998 634 1029 venia

259 1043 332 1075 Cum
358 1043 418 1075 fuit
442 1044 473 1075 in
498 1045 641 1085 ecelesia,

260 1091 345 1124 Crux
369 1093 473 1131 grates
499 1092 563 1132 egit
587 1092 691 1131 eapite

257 1138 417 1170 Inclinans
440 1146 475 1169 se
499 1147 557 1177 pro
581 1147 719 1172 munere.

201 1195 233 1227 3.
260 1195 325 1234 Quo
350 1197 441 1235 patre
466 1195 585 1227 cunetis
611 1194 722 1235 opibus

258 1242 389 1274 Relictis
413 1243 515 1273 tactus
542 1243 681 1284 coelitus,

259 1290 386 1322 Vestem
412 1289 495 1328 cepit
519 1291 712 1330 quantorum,

257 1336 417 1368 Affeetans
443 1345 512 1367 esse
536 1338 716 1370 monachus.

202 1394 234 1425 4.
261 1392 325 1424 Sed
349 1401 418 1424 cum
444 1392 532 1424 Giezi
556 1393 713 1433 apparuit,

933 894 1053 927 Nolens
1078 903 1147 925 esse
1171 893 1229 926 sub
1253 893 1370 933 modio,

934 941 998 975 Sed
1022 942 1131 974 lucens
1155 941 1188 973 in
1215 940 1417 975 candelabro

899 1025 906 1032 .
934 998 987 1030 Sic
1011 999 1139 1030 tandem
1163 997 1389 1030 monasterium

934 1046 1009 1084 Ipse
1034 1046 1210 1077 construxit
1234 1045 1385 1084 optimum

934 1092 974 1125 In
997 1091 1229 1130 VaUumbrosa,
1256 1094 1364 1124 cetera

932 1139 1122 1172 Posthabuit
1146 1139 1308 1173 coenobia.

900 1222 904 1228 .
934 1195 1064 1234 Quantis
1091 1196 1209 1228 <litatus
1233 1197 1384 1236 praemiis

934 1242 1104 1281 Quantis-„re
1128 1242 1188 1275 fuit
1212 1244 1336 1276 meritis

931 1290 1085 1330 Impletus
1110 1294 1220 1323 sancto
1244 1289 1381 1335 flamine,

932 1337 1005 1370 Non
1029 1347 1195 1377 possumus
1222 1339 1411 1378 exprimere.

900 1422 907 1428 .
932 1394 1089 1435 Rogemus
1115 1404 1189 1436 ergo
1214 1396 1361 1428 monachi

256 1441 425 1480 LeprosuS,
450 1440 511 1471 iste
534 1440 639 1472 timuit
933 1441 1090 1475 Christum
1118 1443 1212 1475 simul
1236 1445 1268 1474 et
1294 1444 1410 1484 clerici,

257 1486 392 1519 Subesse
417 1486 591 1519 Simoniaco
932 1488 979 1521 Ut
1003 1490 1070 1529 ejus
1095 1491 1198 1522 sancti
1222 1491 1370 1530 precibus

254 1534 373 1566 Abbati
396 1534 447 1565 vel
472 1535 629 1574 episcopo.
932 1535 1102 1569 Laetemur
1125 1539 1159 1569 in
1186 1538 1383 1573 coelestibus,

552 1593 582 1625 9.
610 1591 770 1624 Concedat
793 1601 850 1624 rex
874 1593 1017 1632 piisimus

606 1639 683 1678 Ejus
710 1641 741 1669 et
762 1640 951 1682 unigenitus,

610 1686 743 1719 Sanetus
769 1686 861 1718 simul
886 1687 1070 1729 paraclitus,

605 1733 720 1765 Trinus
746 1736 777 1765 et
800 1744 880 1766 unus
902 1734 1065 1768 Dominus.

276 1787 359 1815 Brev.
379 1796 431 1815 ms.
455 1788 730 1816 Vallumbrosanum
751 1797 826 1817 saec.
849 1788 892 1818 15.
923 1790 991 1818 Cod.
1011 1792 1192 1824 Trivulzian,
1213 1791 1277 1821 265.
1297 1794 1332 1822 A.
1352 1809 1390 1814 —
1410 1796 1498 1824 Brev-

199 1825 471 1854 Vallumbrosanum
490 1827 559 1862 imp.
580 1835 603 1854 s.
622 1827 642 1854 1.
663 1828 692 1855 et
711 1835 737 1854 a.
758 1828 791 1855 B.

451 1917 519 1949 245.
551 1918 588 1949 In
604 1918 825 1951 Translatione
844 1928 868 1952 s.
889 1921 1040 1953 {Iohannis
1061 1921 1235 1956 Gualberti.

718 1986 766 2015 Ad
784 1986 974 2018 Nocturnum.

434 2053 465 2087 1.
492 2052 602 2086 Gratia
626 2055 686 2087 Dei
709 2056 893 2097 meritisque
917 2058 1077 2091 Johannes

492 2102 666 2134 Monachos
692 2104 850 2142 quondam
874 2113 988 2145 panem
1012 2116 1076 2139 non
1099 2108 1253 2140 habentes

493 2148 647 2181 Carnibus
671 2151 756 2182 vesci
780 2152 882 2184 voluit,
904 2162 963 2193 pro
985 2152 1079 2195 fame,

539 2196 677 2229 Lieitum
696 2200 822 2237 putans.

436 2254 468 2285 2.
494 2253 558 2285 Sed
583 2254 644 2286 cito
670 2254 814 2287 Ghn'stus
839 2265 911 2289 suos
935 2266 999 2289 non
1022 2258 1205 2300 relinquens

492 2300 646 2333 Nuntium
669 2302 755 2334 misit
779 2312 878 2343 panes
903 2304 1094 2346 afferentem,

493 2348 539 2381 Ut
562 2351 720 2381 saturaret
743 2351 792 2384 sui
815 2351 1008 2393 laudatores,

540 2396 599 2436 Qui
624 2397 707 2430 cibat
732 2406 848 2431 omnes.
