1651 2621
445 217 476 250 5.
502 215 615 248 Pulsus
640 215 678 247 ab
704 214 847 247 hostibus
873 215 1010 247 adversa
1032 216 1175 259 pertulit,

500 261 760 295 Persecutoribus
785 262 918 302 gratiam
942 261 1061 302 retulit,

496 311 533 342 In
559 309 644 340 vitae
668 307 789 341 foribus
816 309 940 342 Christo
966 318 1001 341 se
1026 309 1160 341 contulit

544 355 685 388 Devotus
715 356 917 390 Athanasius,

439 414 471 446 6.
498 412 650 446 Coelestis
675 412 794 453 gloriae
819 421 968 453 praesens
993 413 1155 446 obtutibus

498 459 598 492 Nobis
628 459 768 500 quotidie
792 460 881 492 miris
907 460 1077 493 virtutibus

497 506 628 541 Confert
650 507 792 540 laetitiae
817 508 901 540 dona
923 508 1119 548 supplicibus

542 555 674 587 Inclitus
699 554 902 587 Athanasius.

441 612 471 644 7.
498 611 547 644 Sit
571 612 640 643 laus
663 611 755 643 unico
780 612 927 650 trinoque
950 610 1081 650 numini,

496 659 553 699 Qui
580 667 703 690 sursum
729 659 846 690 coelico
867 658 1003 697 imperat
1028 658 1153 700 agmini,

498 705 593 744 Cujus
618 704 759 746 glorifico
785 708 954 744 conspectu
976 704 1104 737 Domini

540 752 673 784 Fruitur
700 752 904 784 Athanasius,

248 815 351 852 Propr.
373 817 601 852 Neapolitanum
619 818 689 852 imp.
704 816 830 852 Neapoli
852 813 933 842 1525.
954 829 992 834 —
1011 812 1037 848 2,
1058 812 1076 842 3
1090 815 1256 842 Instruitur.
1277 829 1316 833 —
1335 811 1362 844 7,
1385 808 1400 838 1
1416 811 1482 838 laus

172 854 344 890 zweisilbig.
364 868 403 873 —
425 853 451 887 7,
472 853 491 882 4
510 854 595 881 Nunc
613 854 728 881 fruitur.

606 943 645 975 71.
677 943 722 975 Dc
741 944 848 975 sancto
869 944 1050 975 Athanasio.

727 1010 776 1039 Ad
795 1010 922 1040 Laudes.

174 1069 205 1102 1.
232 1068 353 1111 Gaude,
380 1067 460 1100 felix
485 1069 628 1112 ecclesia,
856 1071 887 1103 4.
916 1071 998 1112 Vita,
1026 1069 1182 1108 doctrina,
1207 1068 1360 1107 regimen,

230 1116 332 1148 Tanto
359 1114 475 1148 festiva
500 1117 657 1156 praesule,
916 1117 953 1148 In
978 1116 1069 1148 malis
1094 1115 1276 1152 tolerantia,

233 1163 327 1195 Clara
353 1163 469 1195 ducens
495 1163 647 1195 solemnia
914 1164 1014 1196 Omne
1040 1163 1166 1194 virtutis
1191 1162 1351 1200 specimen

230 1210 393 1243 Tenebras
418 1211 507 1243 solve
530 1210 675 1245 nebulae.
913 1210 1070 1250 Splendet
1095 1219 1134 1242 ex
1159 1210 1226 1249 ejus
1252 1209 1365 1249 gratia.

174 1269 205 1300 2.
231 1267 359 1299 Laudes
384 1276 488 1308 pange
514 1267 658 1300 devotius
857 1271 888 1301 5.
914 1267 1070 1307 Flagrans
1096 1267 1176 1298 odor
1202 1266 1241 1297 de
1266 1273 1410 1306 corpore,

231 1315 392 1347 Aeternae
416 1316 483 1355 regi
505 1315 635 1355 gloriae,
911 1314 1141 1347 Miraculorum
1168 1314 1296 1346 claritas

233 1361 383 1393 Pontifex
406 1362 600 1394 Athanasius
912 1361 1105 1400 Monstrant‚
1139 1362 1172 1393 in
1198 1361 1264 1400 ejus
1289 1368 1387 1400 opere

235 1408 363 1441 Coelum
390 1409 575 1441 conscendit
595 1410 700 1442 hodie.
914 1409 1002 1447 Quae
1028 1409 1206 1440 coruscavit
1229 1409 1393 1440 sanctitas

175 1468 207 1499 3.
232 1466 389 1505 Prudens,
415 1466 559 1506 pudicum,
586 1466 723 1507 humilis
856 1468 886 1499 6.
914 1466 985 1498 Jam
1010 1474 1095 1497 nunc
1118 1475 1177 1505 pro
1203 1466 1303 1496 sacris
1329 1464 1452 1496 meritis

231 1512 415 1544 Misericors
441 1516 473 1544 et
494 1512 629 1554 sobrius,
915 1513 1088 1545 Coelestem
1114 1515 1225 1544 tenens
1251 1512 1384 1553 gloriam

231 1560 270 1591 In
295 1559 430 1591 veritate
454 1560 578 1592 stabilis
914 1560 1057 1592 Clemens
1084 1560 1207 1592 devotis
1232 1560 1368 1591 subditis

234 1606 360 1638 Christo
387 1606 527 1639 cohaesit
550 1607 701 1639 strictius.
913 1607 1015 1639 Nobis
1042 1610 1189 1647 precetur
1214 1608 1348 1638 veniam.

538 1665 570 1696 7.
597 1664 663 1697 Uni
687 1663 833 1703 trinoque
856 1663 993 1695 Domino

596 1711 644 1742 Sit
669 1712 799 1742 aeterna
823 1711 975 1750 laudatio,

593 1758 653 1797 Qui
676 1766 733 1789 nos
757 1758 792 1789 in
816 1759 901 1789 vitae
925 1759 1059 1790 termino

595 1805 693 1837 Sistat
720 1813 789 1835 cum
813 1805 999 1837 Athanasio.

246 1870 347 1906 Propr.
369 1870 597 1906 Neapolitanum
616 1870 686 1906 imp.
706 1869 831 1905 Neapoli
855 1866 936 1897 1525.

633 1962 679 1992 72.
708 1960 752 1991 De
773 1962 879 1992 sancto
902 1961 1020 1992 Attala.

667 2028 716 2058 Ad
735 2028 823 2065 Vesp.
850 2031 880 2058 et
897 2028 986 2058 Noct.

175 2090 204 2123 1.
230 2090 370 2121 Exortus
394 2089 427 2120 in
451 2089 637 2131 Burgundia
856 2089 885 2122 3.
914 2089 1009 2127 Quem
1035 2090 1181 2128 primitus
1208 2090 1335 2122 edocuit

230 2137 281 2169 Ex
305 2136 405 2169 nobili
429 2136 579 2176 prosapia
912 2135 957 2167 Et
979 2137 1180 2175 postmodum
1205 2137 1370 2170 substituit:

232 2183 349 2216 Christi
374 2182 535 2216 confessor
559 2184 670 2215 Attala
914 2182 1066 2216 Ornatum
1092 2183 1194 2224 dignis
1219 2185 1361 2218 moribus

230 2232 322 2263 Haec
344 2231 458 2263 meruit
481 2231 662 2271 praeconia.
911 2230 952 2262 In
975 2231 1117 2271 regenda
1139 2230 1272 2264 familia.

173 2291 206 2323 2.
230 2289 285 2321 Ad
311 2288 435 2321 scholas
458 2289 561 2328 primo
586 2288 731 2331 mittitur,
855 2287 887 2320 4.
911 2286 1058 2319 Rebelles
1082 2289 1198 2321 multos
1221 2288 1343 2330 habuit,

232 2337 310 2369 Post
339 2336 509 2368 monachus
535 2334 682 2376 efficitur,
913 2334 980 2366 Hos
1005 2339 1110 2367 tamen
1134 2345 1198 2368 non
1224 2336 1375 2377 deseruit,

232 2384 296 2418 Sub
324 2383 508 2417 Columbani
533 2382 638 2415 ferula
914 2382 996 2421 Quos
1021 2392 1041 2415 a
1064 2384 1277 2423 praesumptis
1301 2384 1442 2418 fascibus

231 2432 358 2473 Degens
382 2432 452 2464 sine
475 2430 613 2465 fauacia.
914 2430 1066 2471 Purgavit
1091 2432 1295 2471 poenitentia.
