1651 2621
722 131 954 167 -72-7„

189 221 219 256 7.
246 223 363 256 Factus
392 223 467 256 hinc
491 225 575 258 vitae
599 228 760 268 speculum
867 230 899 264 8.
928 229 1139 265 Contunditur
1167 233 1327 274 gentilitas

246 272 283 304 In
308 273 486 312 praesulem
511 274 648 316 eligitur,
925 277 1123 313 confessoris
1146 281 1284 321 orannim,

247 319 365 351 Pandit
388 321 566 360 scripturae
591 322 751 363 pabulum,
924 325 1074 360 Exsultat
1098 328 1322 367 christianitas,

247 367 363 400 Christi
388 366 469 400 fides
495 370 635 409 erigitur.
924 374 971 407 Ut
996 375 1095 407 claret
1118 376 1151 408 in
1175 376 1354 417 propatulo.

550 437 580 469 9.
608 438 809 482 Quaesumus,
836 443 945 472 auctor
969 442 1117 476 omnium.

258 519 342 546 Brev.
364 519 676 550 Gallicano-Siculum
696 523 766 559 imp.
785 524 918 553 Venetiis
941 523 1022 552 1527.

293 1745 323 1776 8.

290 1878 321 1909 9.

267 2011 321 2043 10.

614 717 669 749 113.
699 718 742 749 De
761 720 871 750 saneta
891 719 1056 751 Christina.

317 840 323 847 .
350 816 447 854 Virgo
475 816 580 847 dicata
603 816 683 859 Deo7
707 817 810 858 nohis,
837 818 1008 861 Christum,
1034 817 1150 859 faveto,

398 862 447 893 Sit
473 863 568 895 decus
593 867 688 904 atque
712 865 799 903 quies
824 866 968 897 omnibus
992 866 1056 897 ista
1080 867 1157 900 dies.

319 973 326 979 .
353 947 448 980 Plebs
473 947 555 979 bene
580 950 674 981 docta
698 950 791 981 nimis
815 950 874 981 tibi
898 950 1045 982 laudibus
1069 952 1169 984 instat
1193 952 1312 996 amicis,

395 994 502 1026 Possit
527 998 564 1026 ut
587 996 704 1028 auxilio
729 999 798 1028 tuta
821 1006 950 1029 manere
974 1000 1038 1030 tuo.

317 1105 323 1112 .
350 1080 398 1111 Tu
423 1081 546 1118 patriae
569 1081 648 1121 legis
673 1090 777 1112 mores
801 1082 848 1113 nil
871 1091 940 1114 esse
964 1081 1086 1123 fateris,

393 1126 439 1158 Ut
464 1127 578 1159 doceas
606 1128 745 1168 comites,
773 1137 853 1168 quae
876 1129 919 1160 sit
942 1129 1091 1162 habenda
1116 1130 1207 1166 fides.

351 1213 443 1245 Idola
469 1212 650 1254 confringis,
676 1212 874 1253 praefectum
901 1215 1047 1254 dogmate
1072 1216 1182 1259 vincis,

394 1260 476 1293 Esse
498 1261 601 1292 Deum
628 1261 770 1305 credens,
797 1262 850 1301 qui
874 1270 971 1302 super
995 1263 1062 1295 alta
1085 1265 1185 1296 sedet.

317 1374 323 1379 .
348 1346 476 1387 Flagra,
503 1349 614 1387 rotam,
641 1347 763 1387 gladios
788 1347 925 1386 primum
952 1347 1086 1387 depellis
1112 1352 1231 1388 acutos,

395 1394 474 1427 Post
495 1394 608 1434 pelago
632 1402 769 1426 mersam
792 1397 826 1426 te
852 1395 942 1427 dedit
965 1396 1052 1427 unda
1076 1395 1174 1431 foras.

317 1505 324 1511 .
352 1478 415 1510 Sed
440 1481 532 1517 pater
555 1478 671 1512 infidus
696 1479 792 1511 miser
817 1481 935 1512 occidit
958 1480 1059 1512 hostis
1084 1482 1220 1526 iniquus,

394 1525 469 1564 Ipse
494 1526 620 1565 quidem
645 1526 751 1566 periit,
778 1529 811 1558 te
834 1527 921 1559 Deus
948 1528 1075 1567 eripuit.

317 1637 324 1644 .
350 1610 523 1649 Frangitur
547 1611 611 1642 olla
633 1610 710 1643 satis
737 1610 880 1643 conferta
903 1612 1079 1652 liquoribus
1105 1613 1193 1655 atris,

395 1658 503 1690 Aurea
530 1658 631 1689 delusi
656 1658 732 1689 solis
756 1658 859 1698 imago
886 1660 957 1690 ruit.

350 1744 421 1776 Hoo
445 1743 528 1774 male
551 1743 647 1775 turba
671 1741 776 1774 ferens
801 1744 842 1775 ad
865 1745 983 1783 judicis
1008 1745 1132 1777 intonat
1155 1747 1261 1785 aedes,

394 1790 447 1822 Fit
472 1799 544 1821 reus
569 1791 601 1822 in
627 1799 700 1822 casa
726 1799 837 1822 censor
862 1794 893 1823 et
917 1793 987 1832 ipse
1011 1795 1075 1826 tua.

349 1876 543 1908 Tradiderat
568 1876 627 1908 diri
653 1875 787 1907 flammis
812 1879 866 1909 tua
890 1877 1033 1909 membra
1058 1879 1181 1921 camini,

393 1924 479 1963 Quae
504 1927 620 1966 tamen,
645 1926 682 1955 ut
704 1924 813 1963 voluit,
839 1926 976 1964 perdere
998 1935 1061 1957 non
1085 1928 1198 1965 potuit.

349 2008 502 2042 occubuit
525 2009 652 2041 Marsus
678 2013 860 2049 serpentum
883 2010 1040 2042 morsibus
1066 2014 1169 2052 aptus,

394 2056 529 2088 Nomine
554 2058 610 2089 sed
635 2057 764 2089 Domini
789 2058 908 2089 restitit
933 2058 1110 2092 incolumis.

265 2142 319 2176 11.
344 2143 424 2175 Inde
449 2151 538 2173 cares
563 2143 678 2183 lingua,
705 2143 863 2174 truncaris
887 2146 1021 2182 utraque
1045 2144 1193 2183 mamilla,

391 2188 535 2222 Infieeris
557 2190 683 2230 jaculis,
708 2190 755 2221 sio
779 2191 863 2222 celer
887 2193 976 2223 astra
998 2191 1093 2229 petis.

264 2276 317 2308 12.
344 2276 430 2316 Ergo
457 2276 544 2318 doce,
572 2277 669 2318 virgo,
693 2277 821 2308 coelesti
847 2277 940 2309 docta
963 2277 1124 2317 magistro,

394 2323 475 2361 Quid
500 2326 554 2355 tua
579 2325 671 2364 plebs
693 2322 800 2363 faeiat,
828 2334 888 2364 quo
915 2324 1002 2363 oluiS,
1030 2327 1064 2356 ut
1090 2327 1206 2361 veniat.

250 2407 463 2443 Mai-tinengius
483 2407 502 2434 l.
524 2415 548 2434 c.
569 2417 596 2443 p.
615 2406 677 2436 169.
697 2423 735 2427 —-—
753 2408 905 2436 Vei-fasser
924 2410 965 2436 ist
983 2408 1169 2444 Alphanus
1190 2418 1256 2438 von
1277 2411 1439 2444 Salerno.
