<?xml version="1.0" encoding="UTF-8"?>
<!DOCTYPE html PUBLIC "-//W3C//DTD XHTML 1.0 Transitional//EN"
    "http://www.w3.org/TR/xhtml1/DTD/xhtml1-transitional.dtd">
<html xmlns="http://www.w3.org/1999/xhtml" xml:lang="en" lang="en">
 <head>
  <title>
</title>
<meta http-equiv="Content-Type" content="text/html;charset=utf-8" />
  <meta name='ocr-system' content='tesseract 3.04.00' />
  <meta name='ocr-capabilities' content='ocr_page ocr_carea ocr_par ocr_line ocrx_word'/>
</head>
<body>
  <div class='ocr_page' id='page_1' title='image "./analectahymnica22drevuoft_00270.png"; bbox 0 0 1653 2622; ppageno 0'>
   <div class='ocr_carea' id='block_1_1' title="bbox 716 134 974 170">
    <p class='ocr_par' dir='ltr' id='par_1_1' title="bbox 716 134 974 170">
     <span class='ocr_line' id='line_1_1' title="bbox 716 134 974 170; baseline 0 0"><span class='ocrx_word' id='word_1_1' title='bbox 716 134 878 170; x_wconf 84' lang='lat'>—267</span> <span class='ocrx_word' id='word_1_2' title='bbox 931 154 974 159; x_wconf 93' lang='lat'><strong>—</strong></span> 
     </span>
    </p>
   </div>
   <div class='ocr_carea' id='block_1_2' title="bbox 181 230 1496 1008">
    <p class='ocr_par' dir='ltr' id='par_1_2' title="bbox 181 230 1496 409">
     <span class='ocr_line' id='line_1_2' title="bbox 181 230 1366 273; baseline 0.001 -9"><span class='ocrx_word' id='word_1_3' title='bbox 181 232 212 264; x_wconf 88' lang='lat'>3.</span> <span class='ocrx_word' id='word_1_4' title='bbox 240 230 403 264; x_wconf 81' lang='lat' dir='ltr'><strong>Feruntur</strong></span> <span class='ocrx_word' id='word_1_5' title='bbox 425 232 650 273; x_wconf 82' lang='lat' dir='ltr'>multiplicium</span> <span class='ocrx_word' id='word_1_6' title='bbox 885 234 915 267; x_wconf 79' lang='lat'>7.</span> <span class='ocrx_word' id='word_1_7' title='bbox 943 231 1098 265; x_wconf 81' lang='lat' dir='ltr'>Doctores</span> <span class='ocrx_word' id='word_1_8' title='bbox 1124 242 1193 264; x_wconf 88' lang='lat' dir='ltr'>cum</span> <span class='ocrx_word' id='word_1_9' title='bbox 1216 232 1366 266; x_wconf 87' lang='lat' dir='ltr'>fidelibus</span> 
     </span>
     <span class='ocr_line' id='line_1_3' title="bbox 241 279 1396 321; baseline 0 -10"><span class='ocrx_word' id='word_1_10' title='bbox 241 279 473 319; x_wconf 68' lang='lat' dir='ltr'>Mai-tyriorum</span> <span class='ocrx_word' id='word_1_11' title='bbox 498 279 675 320; x_wconf 80' lang='lat' dir='ltr'>machinae,</span> <span class='ocrx_word' id='word_1_12' title='bbox 941 280 990 312; x_wconf 88' lang='lat' dir='ltr'>Ac</span> <span class='ocrx_word' id='word_1_13' title='bbox 1015 281 1152 321; x_wconf 80' lang='lat' dir='ltr'>virgines</span> <span class='ocrx_word' id='word_1_14' title='bbox 1178 290 1249 312; x_wconf 86' lang='lat' dir='ltr'>cum</span> <span class='ocrx_word' id='word_1_15' title='bbox 1273 281 1396 321; x_wconf 81' lang='lat' dir='ltr'>virgine</span> 
     </span>
     <span class='ocr_line' id='line_1_4' title="bbox 244 326 1496 368; baseline 0 -9"><span class='ocrx_word' id='word_1_16' title='bbox 244 326 299 359; x_wconf 87' lang='lat' dir='ltr'>Fit</span> <span class='ocrx_word' id='word_1_17' title='bbox 324 331 356 358; x_wconf 89' lang='lat' dir='ltr'>et</span> <span class='ocrx_word' id='word_1_18' title='bbox 381 336 552 360; x_wconf 83' lang='lat' dir='ltr'>concursus</span> <span class='ocrx_word' id='word_1_19' title='bbox 578 328 716 368; x_wconf 84' lang='lat' dir='ltr'>gentium</span> <span class='ocrx_word' id='word_1_20' title='bbox 942 328 1086 360; x_wconf 77' lang='lat' dir='ltr'><strong>Haerent</strong></span> <span class='ocrx_word' id='word_1_21' title='bbox 1107 329 1266 362; x_wconf 77' lang='lat' dir='ltr'>Christum</span> <span class='ocrx_word' id='word_1_22' title='bbox 1292 328 1496 360; x_wconf 81' lang='lat' dir='ltr'>laudantibus</span> 
     </span>
     <span class='ocr_line' id='line_1_5' title="bbox 241 375 1374 409; baseline 0.002 -2"><span class='ocrx_word' id='word_1_23' title='bbox 241 375 279 408; x_wconf 85' lang='lat' dir='ltr'>In</span> <span class='ocrx_word' id='word_1_24' title='bbox 305 377 368 407; x_wconf 86' lang='lat' dir='ltr'>tam</span> <span class='ocrx_word' id='word_1_25' title='bbox 395 375 476 407; x_wconf 87' lang='lat' dir='ltr'>miro</span> <span class='ocrx_word' id='word_1_26' title='bbox 504 375 686 409; x_wconf 78' lang='lat' dir='ltr'>certamine.</span> <span class='ocrx_word' id='word_1_27' title='bbox 942 376 980 408; x_wconf 88' lang='lat' dir='ltr'>In</span> <span class='ocrx_word' id='word_1_28' title='bbox 1006 384 1081 409; x_wconf 86' lang='lat' dir='ltr'>vero</span> <span class='ocrx_word' id='word_1_29' title='bbox 1106 377 1221 408; x_wconf 89' lang='lat' dir='ltr'>mentis</span> <span class='ocrx_word' id='word_1_30' title='bbox 1246 377 1374 409; x_wconf 79' lang='lat' dir='ltr'>lumine.</span> 
     </span>
    </p>

    <p class='ocr_par' dir='ltr' id='par_1_3' title="bbox 183 431 1341 615">
     <span class='ocr_line' id='line_1_6' title="bbox 183 431 1324 473; baseline 0 -8"><span class='ocrx_word' id='word_1_31' title='bbox 183 433 216 465; x_wconf 81' lang='lat'>4.</span> <span class='ocrx_word' id='word_1_32' title='bbox 243 431 342 472; x_wconf 88' lang='lat' dir='ltr'>Virgo</span> <span class='ocrx_word' id='word_1_33' title='bbox 368 434 493 471; x_wconf 82' lang='lat' dir='ltr'>perstat</span> <span class='ocrx_word' id='word_1_34' title='bbox 517 432 688 464; x_wconf 83' lang='lat' dir='ltr'>immobilis</span> <span class='ocrx_word' id='word_1_35' title='bbox 881 434 911 467; x_wconf 84' lang='lat'>8.</span> <span class='ocrx_word' id='word_1_36' title='bbox 939 433 1112 473; x_wconf 83' lang='lat' dir='ltr'>Projicitur</span> <span class='ocrx_word' id='word_1_37' title='bbox 1135 434 1169 465; x_wconf 91' lang='lat' dir='ltr'>in</span> <span class='ocrx_word' id='word_1_38' title='bbox 1193 435 1324 473; x_wconf 82' lang='lat' dir='ltr'>pelagus</span> 
     </span>
     <span class='ocr_line' id='line_1_7' title="bbox 241 479 1323 523; baseline 0 -11"><span class='ocrx_word' id='word_1_39' title='bbox 241 479 384 512; x_wconf 86' lang='lat' dir='ltr'>Furente</span> <span class='ocrx_word' id='word_1_40' title='bbox 409 489 543 521; x_wconf 80' lang='lat' dir='ltr'>nequam</span> <span class='ocrx_word' id='word_1_41' title='bbox 567 480 686 521; x_wconf 80' lang='lat' dir='ltr'>judice,</span> <span class='ocrx_word' id='word_1_42' title='bbox 940 480 1055 521; x_wconf 81' lang='lat' dir='ltr'>Ligata</span> <span class='ocrx_word' id='word_1_43' title='bbox 1078 482 1148 513; x_wconf 84' lang='lat' dir='ltr'>saxi</span> <span class='ocrx_word' id='word_1_44' title='bbox 1172 483 1323 523; x_wconf 86' lang='lat' dir='ltr'>pondere,</span> 
     </span>
     <span class='ocr_line' id='line_1_8' title="bbox 240 526 1303 568; baseline 0.001 -9"><span class='ocrx_word' id='word_1_45' title='bbox 240 526 394 559; x_wconf 75' lang='lat' dir='ltr'>Exsultat</span> <span class='ocrx_word' id='word_1_46' title='bbox 421 527 526 559; x_wconf 85' lang='lat' dir='ltr'>cordis</span> <span class='ocrx_word' id='word_1_47' title='bbox 549 526 660 567; x_wconf 87' lang='lat' dir='ltr'>jubilis</span> <span class='ocrx_word' id='word_1_48' title='bbox 940 527 1089 568; x_wconf 84' lang='lat' dir='ltr'>Eripitur</span> <span class='ocrx_word' id='word_1_49' title='bbox 1115 531 1147 560; x_wconf 87' lang='lat' dir='ltr'>et</span> <span class='ocrx_word' id='word_1_50' title='bbox 1172 529 1303 560; x_wconf 83' lang='lat' dir='ltr'>coelitus</span> 
     </span>
     <span class='ocr_line' id='line_1_9' title="bbox 245 573 1341 615; baseline 0.002 -9"><span class='ocrx_word' id='word_1_51' title='bbox 245 573 329 606; x_wconf 86' lang='lat' dir='ltr'>Suae</span> <span class='ocrx_word' id='word_1_52' title='bbox 353 575 465 607; x_wconf 84' lang='lat' dir='ltr'>mortis</span> <span class='ocrx_word' id='word_1_53' title='bbox 491 574 616 615; x_wconf 87' lang='lat' dir='ltr'>opifice.</span> <span class='ocrx_word' id='word_1_54' title='bbox 944 575 1060 608; x_wconf 85' lang='lat' dir='ltr'>Divino</span> <span class='ocrx_word' id='word_1_55' title='bbox 1086 585 1177 607; x_wconf 84' lang='lat' dir='ltr'>sacro</span> <span class='ocrx_word' id='word_1_56' title='bbox 1203 585 1341 609; x_wconf 86' lang='lat' dir='ltr'>munere.</span> 
     </span>
    </p>

    <p class='ocr_par' dir='ltr' id='par_1_4' title="bbox 184 631 1431 816">
     <span class='ocr_line' id='line_1_10' title="bbox 184 631 1360 672; baseline 0 -7"><span class='ocrx_word' id='word_1_57' title='bbox 184 633 216 665; x_wconf 82' lang='lat'>5.</span> <span class='ocrx_word' id='word_1_58' title='bbox 242 631 428 672; x_wconf 82' lang='lat' dir='ltr'>Suscipiunt</span> <span class='ocrx_word' id='word_1_59' title='bbox 446 633 479 664; x_wconf 86' lang='lat' dir='ltr'>in</span> <span class='ocrx_word' id='word_1_60' title='bbox 506 633 609 664; x_wconf 88' lang='lat' dir='ltr'>oleum</span> <span class='ocrx_word' id='word_1_61' title='bbox 884 634 914 666; x_wconf 78' lang='lat'>9.</span> <span class='ocrx_word' id='word_1_62' title='bbox 942 632 1119 665; x_wconf 81' lang='lat' dir='ltr'>Lassantur</span> <span class='ocrx_word' id='word_1_63' title='bbox 1144 631 1360 665; x_wconf 82' lang='lat' dir='ltr'>ferocissimae</span> 
     </span>
     <span class='ocr_line' id='line_1_11' title="bbox 242 678 1364 722; baseline 0 -10"><span class='ocrx_word' id='word_1_64' title='bbox 242 679 438 720; x_wconf 84' lang='lat' dir='ltr'>Frigendam</span> <span class='ocrx_word' id='word_1_65' title='bbox 465 678 584 712; x_wconf 85' lang='lat' dir='ltr'>Christi</span> <span class='ocrx_word' id='word_1_66' title='bbox 609 678 769 722; x_wconf 79' lang='lat' dir='ltr'>famulam,</span> <span class='ocrx_word' id='word_1_67' title='bbox 943 679 1046 712; x_wconf 82' lang='lat' dir='ltr'>Ferae</span> <span class='ocrx_word' id='word_1_68' title='bbox 1069 683 1214 712; x_wconf 87' lang='lat' dir='ltr'>sacratae</span> <span class='ocrx_word' id='word_1_69' title='bbox 1238 680 1364 721; x_wconf 85' lang='lat' dir='ltr'>virgini,</span> 
     </span>
     <span class='ocr_line' id='line_1_12' title="bbox 242 726 1431 768; baseline 0 -9"><span class='ocrx_word' id='word_1_70' title='bbox 242 726 450 767; x_wconf 76' lang='lat' dir='ltr'>Suspendant</span> <span class='ocrx_word' id='word_1_71' title='bbox 473 727 507 759; x_wconf 90' lang='lat' dir='ltr'>in</span> <span class='ocrx_word' id='word_1_72' title='bbox 532 728 698 768; x_wconf 79' lang='lat' dir='ltr'>equuleum</span> <span class='ocrx_word' id='word_1_73' title='bbox 941 727 1018 759; x_wconf 82' lang='lat' dir='ltr'>Fuit</span> <span class='ocrx_word' id='word_1_74' title='bbox 1042 731 1115 767; x_wconf 86' lang='lat' dir='ltr'>post</span> <span class='ocrx_word' id='word_1_75' title='bbox 1141 729 1222 759; x_wconf 89' lang='lat' dir='ltr'>hanc</span> <span class='ocrx_word' id='word_1_76' title='bbox 1245 729 1431 760; x_wconf 80' lang='lat' dir='ltr'>mitissimae</span> 
     </span>
     <span class='ocr_line' id='line_1_13' title="bbox 244 774 1308 816; baseline 0.001 -9"><span class='ocrx_word' id='word_1_77' title='bbox 244 774 389 807; x_wconf 83' lang='lat' dir='ltr'>Ministri</span> <span class='ocrx_word' id='word_1_78' title='bbox 412 775 482 807; x_wconf 92' lang='lat' dir='ltr'>Deo</span> <span class='ocrx_word' id='word_1_79' title='bbox 508 775 664 807; x_wconf 86' lang='lat' dir='ltr'>sedulam.</span> <span class='ocrx_word' id='word_1_80' title='bbox 944 774 1130 807; x_wconf 81' lang='lat' dir='ltr'>Sanctitatis</span> <span class='ocrx_word' id='word_1_81' title='bbox 1155 776 1308 816; x_wconf 77' lang='lat' dir='ltr'>indagini.</span> 
     </span>
    </p>

    <p class='ocr_par' dir='ltr' id='par_1_5' title="bbox 184 831 1381 1008">
     <span class='ocr_line' id='line_1_14' title="bbox 184 831 1341 873; baseline 0 -8"><span class='ocrx_word' id='word_1_82' title='bbox 184 834 213 866; x_wconf 88' lang='lat'>6.</span> <span class='ocrx_word' id='word_1_83' title='bbox 241 831 439 873; x_wconf 83' lang='lat' dir='ltr'>Discerpunt</span> <span class='ocrx_word' id='word_1_84' title='bbox 464 841 579 872; x_wconf 84' lang='lat' dir='ltr'>corpus</span> <span class='ocrx_word' id='word_1_85' title='bbox 606 832 741 873; x_wconf 84' lang='lat' dir='ltr'>ungulis,</span> <span class='ocrx_word' id='word_1_86' title='bbox 875 833 931 866; x_wconf 91' lang='grc'>10.</span> <span class='ocrx_word' id='word_1_87' title='bbox 946 832 1102 866; x_wconf 73' lang='lat' dir='ltr'>Percussa</span> <span class='ocrx_word' id='word_1_88' title='bbox 1127 833 1209 865; x_wconf 88' lang='lat' dir='ltr'>collo</span> <span class='ocrx_word' id='word_1_89' title='bbox 1233 833 1341 873; x_wconf 85' lang='lat' dir='ltr'>gladio</span> 
     </span>
     <span class='ocr_line' id='line_1_15' title="bbox 242 879 1381 923; baseline 0.001 -12"><span class='ocrx_word' id='word_1_90' title='bbox 242 879 414 920; x_wconf 87' lang='lat' dir='ltr'>Torquent,</span> <span class='ocrx_word' id='word_1_91' title='bbox 442 881 630 920; x_wconf 87' lang='lat' dir='ltr'>appendunt</span> <span class='ocrx_word' id='word_1_92' title='bbox 648 879 798 923; x_wconf 84' lang='lat' dir='ltr'>crinibus,</span> <span class='ocrx_word' id='word_1_93' title='bbox 946 879 1079 912; x_wconf 84' lang='lat' dir='ltr'>Scandit</span> <span class='ocrx_word' id='word_1_94' title='bbox 1104 880 1183 912; x_wconf 87' lang='lat' dir='ltr'>coeli</span> <span class='ocrx_word' id='word_1_95' title='bbox 1209 881 1381 919; x_wconf 86' lang='lat' dir='ltr'>cacumina,</span> 
     </span>
     <span class='ocr_line' id='line_1_16' title="bbox 239 926 1380 968; baseline 0.001 -9"><span class='ocrx_word' id='word_1_96' title='bbox 239 926 283 960; x_wconf 86' lang='lat' dir='ltr'>Et</span> <span class='ocrx_word' id='word_1_97' title='bbox 308 928 471 967; x_wconf 85' lang='lat' dir='ltr'>spernitur</span> <span class='ocrx_word' id='word_1_98' title='bbox 494 928 561 967; x_wconf 87' lang='lat' dir='ltr'>jam</span> <span class='ocrx_word' id='word_1_99' title='bbox 587 927 726 960; x_wconf 87' lang='lat' dir='ltr'>credulis</span> <span class='ocrx_word' id='word_1_100' title='bbox 941 927 1197 968; x_wconf 81' lang='lat' dir='ltr'>consumptaque</span> <span class='ocrx_word' id='word_1_101' title='bbox 1218 929 1380 968; x_wconf 77' lang='lat' dir='ltr'>martyrio,</span> 
     </span>
     <span class='ocr_line' id='line_1_17' title="bbox 243 974 1337 1008; baseline 0.002 -2"><span class='ocrx_word' id='word_1_102' title='bbox 243 975 342 1007; x_wconf 84' lang='lat' dir='ltr'>Satan</span> <span class='ocrx_word' id='word_1_103' title='bbox 369 974 530 1007; x_wconf 81' lang='lat' dir='ltr'>Christum</span> <span class='ocrx_word' id='word_1_104' title='bbox 557 974 772 1008; x_wconf 81' lang='lat' dir='ltr'>credentibus,</span> <span class='ocrx_word' id='word_1_105' title='bbox 941 975 1059 1007; x_wconf 84' lang='lat' dir='ltr'>Patent</span> <span class='ocrx_word' id='word_1_106' title='bbox 1085 976 1193 1008; x_wconf 84' lang='lat' dir='ltr'>divina</span> <span class='ocrx_word' id='word_1_107' title='bbox 1214 975 1337 1008; x_wconf 91' lang='lat' dir='ltr'>limina.</span> 
     </span>
    </p>
   </div>
   <div class='ocr_carea' id='block_1_3' title="bbox 560 1030 1124 1070">
    <p class='ocr_par' dir='ltr' id='par_1_6' title="bbox 560 1030 1124 1070">
     <span class='ocr_line' id='line_1_18' title="bbox 560 1030 1124 1070; baseline -0.002 -5"><span class='ocrx_word' id='word_1_108' title='bbox 560 1032 613 1065; x_wconf 82' lang='lat'>11.</span> <span class='ocrx_word' id='word_1_109' title='bbox 641 1033 703 1064; x_wconf 87' lang='lat' dir='ltr'>Per</span> <span class='ocrx_word' id='word_1_110' title='bbox 727 1031 810 1064; x_wconf 87' lang='lat' dir='ltr'>hanc</span> <span class='ocrx_word' id='word_1_111' title='bbox 833 1034 927 1070; x_wconf 83' lang='lat' dir='ltr'>pater</span> <span class='ocrx_word' id='word_1_112' title='bbox 952 1040 1022 1063; x_wconf 90' lang='lat' dir='ltr'>cum</span> <span class='ocrx_word' id='word_1_113' title='bbox 1047 1030 1124 1065; x_wconf 81' lang='lat' dir='ltr'>filio.</span> 
     </span>
    </p>
   </div>
   <div class='ocr_carea' id='block_1_4' title="bbox 183 1095 1499 1392">
    <p class='ocr_par' dir='ltr' id='par_1_7' title="bbox 183 1095 1499 1392">
     <span class='ocr_line' id='line_1_19' title="bbox 270 1095 1497 1125; baseline -0.002 0"><span class='ocrx_word' id='word_1_114' title='bbox 270 1098 375 1125; x_wconf 84' lang='lat' dir='ltr'>Diurn.</span> <span class='ocrx_word' id='word_1_115' title='bbox 396 1107 449 1125; x_wconf 91' lang='lat' dir='ltr'>ms.</span> <span class='ocrx_word' id='word_1_116' title='bbox 470 1097 711 1125; x_wconf 67' lang='lat' dir='ltr'>Praedicatorum</span> <span class='ocrx_word' id='word_1_117' title='bbox 732 1105 807 1124; x_wconf 81' lang='lat' dir='ltr'>saec.</span> <span class='ocrx_word' id='word_1_118' title='bbox 825 1095 867 1123; x_wconf 82' lang='lat'>15.</span> <span class='ocrx_word' id='word_1_119' title='bbox 904 1096 972 1124; x_wconf 60' lang='lat' dir='ltr'>(jod.</span> <span class='ocrx_word' id='word_1_120' title='bbox 992 1098 1134 1125; x_wconf 73' lang='lat' dir='ltr'>Marcian.</span> <span class='ocrx_word' id='word_1_121' title='bbox 1154 1098 1181 1125; x_wconf 90' lang='lat' dir='ltr'>L</span> <span class='ocrx_word' id='word_1_122' title='bbox 1200 1098 1216 1125; x_wconf 88' lang='lat'>1</span> <span class='ocrx_word' id='word_1_123' title='bbox 1235 1095 1272 1125; x_wconf 84' lang='lat'>83</span> <span class='ocrx_word' id='word_1_124' title='bbox 1290 1097 1325 1124; x_wconf 78' lang='lat' dir='ltr'>A.</span> <span class='ocrx_word' id='word_1_125' title='bbox 1344 1111 1379 1115; x_wconf 97' lang='lat'><strong>—</strong></span> <span class='ocrx_word' id='word_1_126' title='bbox 1394 1097 1497 1124; x_wconf 85' lang='lat' dir='ltr'>Diurn.</span> 
     </span>
     <span class='ocr_line' id='line_1_20' title="bbox 188 1132 1498 1164; baseline 0 -1"><span class='ocrx_word' id='word_1_127' title='bbox 188 1146 241 1164; x_wconf 88' lang='lat' dir='ltr'>ms.</span> <span class='ocrx_word' id='word_1_128' title='bbox 262 1136 504 1163; x_wconf 85' lang='lat' dir='ltr'>Praedicatorum</span> <span class='ocrx_word' id='word_1_129' title='bbox 524 1144 599 1164; x_wconf 84' lang='lat' dir='ltr'>saec.</span> <span class='ocrx_word' id='word_1_130' title='bbox 623 1134 665 1163; x_wconf 78' lang='lat'>15.</span> <span class='ocrx_word' id='word_1_131' title='bbox 708 1135 777 1162; x_wconf 76' lang='lat' dir='ltr'>cod.</span> <span class='ocrx_word' id='word_1_132' title='bbox 799 1135 941 1163; x_wconf 66' lang='lat' dir='ltr'>Marciam.</span> <span class='ocrx_word' id='word_1_133' title='bbox 962 1135 1011 1162; x_wconf 85' lang='lat' dir='ltr'>ZL</span> <span class='ocrx_word' id='word_1_134' title='bbox 1034 1132 1096 1162; x_wconf 81' lang='lat'>160.</span> <span class='ocrx_word' id='word_1_135' title='bbox 1119 1136 1150 1163; x_wconf 80' lang='grc' dir='ltr'>Β.</span> <span class='ocrx_word' id='word_1_136' title='bbox 1172 1149 1209 1154; x_wconf 83' lang='grc'>-</span> <span class='ocrx_word' id='word_1_137' title='bbox 1232 1138 1314 1163; x_wconf 64' lang='grc' dir='ltr'>Βιέν.</span> <span class='ocrx_word' id='word_1_138' title='bbox 1336 1144 1389 1163; x_wconf 87' lang='lat' dir='ltr'>ms.</span> <span class='ocrx_word' id='word_1_139' title='bbox 1410 1135 1498 1163; x_wconf 85' lang='lat' dir='ltr'>Prae-</span> 
     </span>
     <span class='ocr_line' id='line_1_21' title="bbox 186 1171 1498 1209; baseline -0.002 -8"><span class='ocrx_word' id='word_1_140' title='bbox 186 1174 288 1202; x_wconf 85' lang='lat' dir='ltr'>dicatt.</span> <span class='ocrx_word' id='word_1_141' title='bbox 308 1174 411 1202; x_wconf 87' lang='lat' dir='ltr'>Venet.</span> <span class='ocrx_word' id='word_1_142' title='bbox 433 1182 508 1202; x_wconf 86' lang='lat' dir='ltr'>saec.</span> <span class='ocrx_word' id='word_1_143' title='bbox 526 1172 568 1201; x_wconf 80' lang='lat'>15.</span> <span class='ocrx_word' id='word_1_144' title='bbox 601 1172 670 1201; x_wconf 82' lang='lat' dir='ltr'>Cod.</span> <span class='ocrx_word' id='word_1_145' title='bbox 693 1173 788 1209; x_wconf 85' lang='lat' dir='ltr'>Capit.</span> <span class='ocrx_word' id='word_1_146' title='bbox 809 1172 911 1200; x_wconf 84' lang='lat' dir='ltr'>Patav.</span> <span class='ocrx_word' id='word_1_147' title='bbox 934 1172 957 1199; x_wconf 91' lang='lat' dir='ltr'>B</span> <span class='ocrx_word' id='word_1_148' title='bbox 980 1171 1023 1201; x_wconf 87' lang='lat'>60.</span> <span class='ocrx_word' id='word_1_149' title='bbox 1049 1173 1079 1200; x_wconf 79' lang='lat' dir='ltr'>O.</span> <span class='ocrx_word' id='word_1_150' title='bbox 1100 1188 1136 1192; x_wconf 87' lang='lat'>—-</span> <span class='ocrx_word' id='word_1_151' title='bbox 1151 1173 1236 1201; x_wconf 84' lang='lat' dir='ltr'>Brev.</span> <span class='ocrx_word' id='word_1_152' title='bbox 1257 1182 1309 1201; x_wconf 88' lang='lat' dir='ltr'>ms.</span> <span class='ocrx_word' id='word_1_153' title='bbox 1324 1172 1498 1200; x_wconf 80' lang='lat' dir='ltr'>Praedicatt.</span> 
     </span>
     <span class='ocr_line' id='line_1_22' title="bbox 187 1209 1499 1245; baseline -0.002 -5"><span class='ocrx_word' id='word_1_154' title='bbox 187 1214 358 1240; x_wconf 81' lang='lat' dir='ltr'>Cremonen.</span> <span class='ocrx_word' id='word_1_155' title='bbox 381 1214 452 1239; x_wconf 88' lang='lat' dir='ltr'>anni</span> <span class='ocrx_word' id='word_1_156' title='bbox 474 1210 556 1240; x_wconf 83' lang='lat'>1467.</span> <span class='ocrx_word' id='word_1_157' title='bbox 593 1210 661 1239; x_wconf 80' lang='lat' dir='ltr'>Ood.</span> <span class='ocrx_word' id='word_1_158' title='bbox 678 1211 851 1239; x_wconf 82' lang='lat' dir='ltr'>Casanaten.</span> <span class='ocrx_word' id='word_1_159' title='bbox 872 1212 894 1239; x_wconf 82' lang='lat' dir='ltr'>B</span> <span class='ocrx_word' id='word_1_160' title='bbox 916 1211 957 1238; x_wconf 81' lang='lat' dir='ltr'>VI</span> <span class='ocrx_word' id='word_1_161' title='bbox 977 1209 994 1238; x_wconf 85' lang='lat'>5</span> <span class='ocrx_word' id='word_1_162' title='bbox 1012 1209 1115 1245; x_wconf 79' lang='lat'>(1182).</span> <span class='ocrx_word' id='word_1_163' title='bbox 1137 1212 1173 1239; x_wconf 89' lang='lat' dir='ltr'>D.</span> <span class='ocrx_word' id='word_1_164' title='bbox 1194 1226 1231 1232; x_wconf 85' lang='lat'>——</span> <span class='ocrx_word' id='word_1_165' title='bbox 1244 1218 1330 1239; x_wconf 66' lang='lat' dir='ltr'>brev.</span> <span class='ocrx_word' id='word_1_166' title='bbox 1345 1219 1395 1238; x_wconf 83' lang='lat' dir='ltr'>ms.</span> <span class='ocrx_word' id='word_1_167' title='bbox 1413 1211 1499 1238; x_wconf 81' lang='lat' dir='ltr'>Prae-</span> 
     </span>
     <span class='ocr_line' id='line_1_23' title="bbox 185 1247 1498 1283; baseline -0.002 -6"><span class='ocrx_word' id='word_1_168' title='bbox 185 1250 286 1278; x_wconf 86' lang='lat' dir='ltr'>dicatt.</span> <span class='ocrx_word' id='word_1_169' title='bbox 311 1251 407 1278; x_wconf 82' lang='lat' dir='ltr'>Italic.</span> <span class='ocrx_word' id='word_1_170' title='bbox 434 1258 509 1279; x_wconf 82' lang='lat' dir='ltr'>saec.</span> <span class='ocrx_word' id='word_1_171' title='bbox 541 1248 584 1278; x_wconf 87' lang='lat'>14.</span> <span class='ocrx_word' id='word_1_172' title='bbox 634 1249 703 1277; x_wconf 80' lang='lat' dir='ltr'>God.</span> <span class='ocrx_word' id='word_1_173' title='bbox 730 1249 895 1276; x_wconf 87' lang='lat' dir='ltr'>Londinen.</span> <span class='ocrx_word' id='word_1_174' title='bbox 925 1249 999 1276; x_wconf 88' lang='lat' dir='ltr'>Add.</span> <span class='ocrx_word' id='word_1_175' title='bbox 1027 1247 1127 1276; x_wconf 83' lang='lat'>17007.</span> <span class='ocrx_word' id='word_1_176' title='bbox 1154 1249 1189 1277; x_wconf 87' lang='grc' dir='ltr'>Ε.</span> <span class='ocrx_word' id='word_1_177' title='bbox 1210 1265 1247 1268; x_wconf 89' lang='grc'><strong>-</strong></span> <span class='ocrx_word' id='word_1_178' title='bbox 1270 1248 1300 1283; x_wconf 87' lang='grc'>1,</span> <span class='ocrx_word' id='word_1_179' title='bbox 1332 1247 1347 1276; x_wconf 90' lang='lat'>1</span> <span class='ocrx_word' id='word_1_180' title='bbox 1373 1249 1498 1277; x_wconf 84' lang='lat' dir='ltr'>Laudat.</span> 
     </span>
     <span class='ocr_line' id='line_1_24' title="bbox 183 1285 1499 1323; baseline -0.002 -7"><span class='ocrx_word' id='word_1_181' title='bbox 183 1290 273 1317; x_wconf 77' lang='lat' dir='ltr'>turba</span> <span class='ocrx_word' id='word_1_182' title='bbox 292 1289 336 1318; x_wconf 78' lang='lat' dir='ltr'>D:</span> <span class='ocrx_word' id='word_1_183' title='bbox 355 1288 483 1316; x_wconf 78' lang='lat' dir='ltr'>Plaudet</span> <span class='ocrx_word' id='word_1_184' title='bbox 507 1289 539 1316; x_wconf 90' lang='lat' dir='ltr'>B.</span> <span class='ocrx_word' id='word_1_185' title='bbox 567 1302 604 1307; x_wconf 87' lang='lat'>--</span> <span class='ocrx_word' id='word_1_186' title='bbox 627 1286 659 1321; x_wconf 82' lang='lat'>1,</span> <span class='ocrx_word' id='word_1_187' title='bbox 680 1286 697 1315; x_wconf 83' lang='lat'>2</span> <span class='ocrx_word' id='word_1_188' title='bbox 717 1287 760 1315; x_wconf 87' lang='lat' dir='ltr'>Ut</span> <span class='ocrx_word' id='word_1_189' title='bbox 778 1288 904 1323; x_wconf 73' lang='lat' dir='ltr'>virginis</span> <span class='ocrx_word' id='word_1_190' title='bbox 928 1286 966 1318; x_wconf 66' lang='lat' dir='ltr'>A:</span> <span class='ocrx_word' id='word_1_191' title='bbox 987 1288 1112 1323; x_wconf 75' lang='lat' dir='ltr'>virginis</span> <span class='ocrx_word' id='word_1_192' title='bbox 1134 1288 1208 1316; x_wconf 82' lang='lat' dir='ltr'>fehlt</span> <span class='ocrx_word' id='word_1_193' title='bbox 1228 1287 1258 1315; x_wconf 83' lang='lat' dir='ltr'>O.</span> <span class='ocrx_word' id='word_1_194' title='bbox 1278 1302 1316 1306; x_wconf 91' lang='lat'>—</span> <span class='ocrx_word' id='word_1_195' title='bbox 1341 1286 1372 1319; x_wconf 78' lang='lat'>1.</span> <span class='ocrx_word' id='word_1_196' title='bbox 1393 1285 1412 1313; x_wconf 78' lang='lat'>4</span> <span class='ocrx_word' id='word_1_197' title='bbox 1430 1287 1499 1314; x_wconf 82' lang='lat' dir='ltr'>Per-</span> 
     </span>
     <span class='ocr_line' id='line_1_25' title="bbox 183 1322 1498 1362; baseline -0.001 -8"><span class='ocrx_word' id='word_1_198' title='bbox 183 1327 267 1355; x_wconf 84' lang='lat' dir='ltr'>dicta</span> <span class='ocrx_word' id='word_1_199' title='bbox 292 1328 398 1362; x_wconf 83' lang='lat' dir='ltr'>prohat</span> <span class='ocrx_word' id='word_1_200' title='bbox 413 1327 447 1354; x_wconf 85' lang='grc' dir='ltr'>Α.</span> <span class='ocrx_word' id='word_1_201' title='bbox 469 1342 506 1346; x_wconf 91' lang='lat'>——</span> <span class='ocrx_word' id='word_1_202' title='bbox 526 1324 553 1361; x_wconf 87' lang='lat'>3,</span> <span class='ocrx_word' id='word_1_203' title='bbox 574 1324 592 1355; x_wconf 82' lang='lat'>3</span> <span class='ocrx_word' id='word_1_204' title='bbox 612 1328 741 1362; x_wconf 78' lang='lat' dir='ltr'>gentium</span> <span class='ocrx_word' id='word_1_205' title='bbox 763 1325 836 1353; x_wconf 82' lang='lat' dir='ltr'>fehlt</span> <span class='ocrx_word' id='word_1_206' title='bbox 856 1325 891 1353; x_wconf 91' lang='lat' dir='ltr'>D.</span> <span class='ocrx_word' id='word_1_207' title='bbox 913 1341 948 1345; x_wconf 89' lang='lat'>—-</span> <span class='ocrx_word' id='word_1_208' title='bbox 970 1323 996 1361; x_wconf 84' lang='lat'>9,</span> <span class='ocrx_word' id='word_1_209' title='bbox 1018 1326 1035 1353; x_wconf 82' lang='lat'>3</span> <span class='ocrx_word' id='word_1_210' title='bbox 1056 1328 1123 1361; x_wconf 84' lang='lat' dir='ltr'>post</span> <span class='ocrx_word' id='word_1_211' title='bbox 1141 1326 1198 1353; x_wconf 84' lang='lat' dir='ltr'>hac</span> <span class='ocrx_word' id='word_1_212' title='bbox 1216 1326 1252 1353; x_wconf 86' lang='grc' dir='ltr'>Ε.</span> <span class='ocrx_word' id='word_1_213' title='bbox 1272 1341 1310 1345; x_wconf 85' lang='lat'><em>—</em></span> <span class='ocrx_word' id='word_1_214' title='bbox 1333 1324 1381 1360; x_wconf 87' lang='lat'>10,</span> <span class='ocrx_word' id='word_1_215' title='bbox 1404 1322 1419 1344; x_wconf 72' lang='lat'>,0</span> <span class='ocrx_word' id='word_1_216' title='bbox 1443 1333 1498 1361; x_wconf 82' lang='lat' dir='ltr'>quc</span> 
     </span>
     <span class='ocr_line' id='line_1_26' title="bbox 184 1365 317 1392; baseline -0.008 0"><span class='ocrx_word' id='word_1_217' title='bbox 184 1365 261 1392; x_wconf 85' lang='lat' dir='ltr'>fehlt</span> <span class='ocrx_word' id='word_1_218' title='bbox 281 1366 317 1391; x_wconf 88' lang='lat' dir='ltr'>l).</span> 
     </span>
    </p>
   </div>
   <div class='ocr_carea' id='block_1_5' title="bbox 603 1472 1078 1506">
    <p class='ocr_par' dir='ltr' id='par_1_8' title="bbox 603 1472 1078 1506">
     <span class='ocr_line' id='line_1_27' title="bbox 603 1472 1078 1506; baseline -0.004 -1"><span class='ocrx_word' id='word_1_219' title='bbox 603 1474 673 1506; x_wconf 78' lang='lat'>452.</span> <span class='ocrx_word' id='word_1_220' title='bbox 703 1474 747 1506; x_wconf 87' lang='lat' dir='ltr'>De</span> <span class='ocrx_word' id='word_1_221' title='bbox 767 1475 879 1505; x_wconf 86' lang='lat' dir='ltr'>sancta</span> <span class='ocrx_word' id='word_1_222' title='bbox 898 1472 1078 1505; x_wconf 79' lang='lat' dir='ltr'>Theodosia.</span> 
     </span>
    </p>
   </div>
   <div class='ocr_carea' id='block_1_6' title="bbox 743 1550 938 1581">
    <p class='ocr_par' dir='ltr' id='par_1_9' title="bbox 743 1550 938 1581">
     <span class='ocr_line' id='line_1_28' title="bbox 743 1550 938 1581; baseline 0.005 -1"><span class='ocrx_word' id='word_1_223' title='bbox 743 1551 790 1581; x_wconf 85' lang='lat' dir='ltr'>Ad</span> <span class='ocrx_word' id='word_1_224' title='bbox 812 1550 938 1581; x_wconf 83' lang='lat' dir='ltr'>Laudes.</span> 
     </span>
    </p>
   </div>
   <div class='ocr_carea' id='block_1_7' title="bbox 181 1628 1501 2274">
    <p class='ocr_par' dir='ltr' id='par_1_10' title="bbox 182 1628 1437 1809">
     <span class='ocr_line' id='line_1_29' title="bbox 182 1628 1437 1670; baseline -0.004 -4"><span class='ocrx_word' id='word_1_225' title='bbox 182 1633 213 1666; x_wconf 79' lang='lat'>1.</span> <span class='ocrx_word' id='word_1_226' title='bbox 239 1632 394 1665; x_wconf 81' lang='lat' dir='ltr'>Exsultet</span> <span class='ocrx_word' id='word_1_227' title='bbox 418 1632 541 1663; x_wconf 86' lang='lat' dir='ltr'>coelum</span> <span class='ocrx_word' id='word_1_228' title='bbox 566 1630 727 1670; x_wconf 76' lang='lat' dir='ltr'>laudibus,</span> <span class='ocrx_word' id='word_1_229' title='bbox 872 1632 904 1664; x_wconf 73' lang='grc'>-1,</span> <span class='ocrx_word' id='word_1_230' title='bbox 932 1629 1015 1662; x_wconf 81' lang='lat' dir='ltr'>Nam</span> <span class='ocrx_word' id='word_1_231' title='bbox 1040 1638 1115 1661; x_wconf 73' lang='lat' dir='ltr'>mox</span> <span class='ocrx_word' id='word_1_232' title='bbox 1141 1629 1288 1662; x_wconf 81' lang='lat' dir='ltr'>columba</span> <span class='ocrx_word' id='word_1_233' title='bbox 1312 1628 1437 1670; x_wconf 79' lang='lat' dir='ltr'>fulgida</span> 
     </span>
     <span class='ocr_line' id='line_1_30' title="bbox 240 1677 1296 1714; baseline -0.003 -2"><span class='ocrx_word' id='word_1_234' title='bbox 240 1680 363 1714; x_wconf 84' lang='lat' dir='ltr'>Psallat</span> <span class='ocrx_word' id='word_1_235' title='bbox 389 1682 478 1711; x_wconf 86' lang='lat' dir='ltr'>terra</span> <span class='ocrx_word' id='word_1_236' title='bbox 502 1678 628 1710; x_wconf 86' lang='lat' dir='ltr'>laetitia</span> <span class='ocrx_word' id='word_1_237' title='bbox 930 1677 981 1711; x_wconf 78' lang='lat' dir='ltr'>Ex</span> <span class='ocrx_word' id='word_1_238' title='bbox 1006 1686 1062 1710; x_wconf 90' lang='lat' dir='ltr'>ore</span> <span class='ocrx_word' id='word_1_239' title='bbox 1086 1678 1174 1709; x_wconf 88' lang='lat' dir='ltr'>velut</span> <span class='ocrx_word' id='word_1_240' title='bbox 1198 1686 1296 1709; x_wconf 87' lang='lat' dir='ltr'>aurea</span> 
     </span>
     <span class='ocr_line' id='line_1_31' title="bbox 241 1725 1404 1765; baseline -0.002 -6"><span class='ocrx_word' id='word_1_241' title='bbox 241 1728 317 1761; x_wconf 89' lang='lat' dir='ltr'>Cum</span> <span class='ocrx_word' id='word_1_242' title='bbox 346 1727 473 1762; x_wconf 88' lang='lat' dir='ltr'>Christo</span> <span class='ocrx_word' id='word_1_243' title='bbox 503 1726 715 1759; x_wconf 81' lang='lat' dir='ltr'>militantibus</span> <span class='ocrx_word' id='word_1_244' title='bbox 931 1725 1130 1758; x_wconf 86' lang='lat' dir='ltr'>Confirmans</span> <span class='ocrx_word' id='word_1_245' title='bbox 1160 1725 1269 1765; x_wconf 88' lang='lat' dir='ltr'>plures</span> <span class='ocrx_word' id='word_1_246' title='bbox 1294 1726 1404 1758; x_wconf 84' lang='lat' dir='ltr'>valida</span> 
     </span>
     <span class='ocr_line' id='line_1_32' title="bbox 240 1773 1350 1809; baseline -0.002 -1"><span class='ocrx_word' id='word_1_247' title='bbox 240 1776 337 1809; x_wconf 88' lang='lat' dir='ltr'>Pulsa</span> <span class='ocrx_word' id='word_1_248' title='bbox 364 1776 470 1807; x_wconf 87' lang='lat' dir='ltr'>cordis</span> <span class='ocrx_word' id='word_1_249' title='bbox 496 1775 657 1807; x_wconf 86' lang='lat' dir='ltr'>moestitia</span> <span class='ocrx_word' id='word_1_250' title='bbox 929 1773 1013 1806; x_wconf 85' lang='lat' dir='ltr'>Fide</span> <span class='ocrx_word' id='word_1_251' title='bbox 1038 1774 1166 1806; x_wconf 84' lang='lat' dir='ltr'>scandit</span> <span class='ocrx_word' id='word_1_252' title='bbox 1190 1774 1350 1807; x_wconf 85' lang='lat' dir='ltr'>aetherea.</span> 
     </span>
    </p>

    <p class='ocr_par' dir='ltr' id='par_1_11' title="bbox 181 1830 1386 2016">
     <span class='ocr_line' id='line_1_33' title="bbox 181 1830 1345 1872; baseline -0.004 -5"><span class='ocrx_word' id='word_1_253' title='bbox 181 1837 213 1868; x_wconf 85' lang='lat'>2.</span> <span class='ocrx_word' id='word_1_254' title='bbox 242 1835 417 1867; x_wconf 85' lang='lat' dir='ltr'>Parentum</span> <span class='ocrx_word' id='word_1_255' title='bbox 442 1835 517 1872; x_wconf 84' lang='lat' dir='ltr'>post</span> <span class='ocrx_word' id='word_1_256' title='bbox 541 1832 716 1864; x_wconf 81' lang='lat' dir='ltr'>blanditias</span> <span class='ocrx_word' id='word_1_257' title='bbox 874 1833 904 1864; x_wconf 84' lang='lat'>5.</span> <span class='ocrx_word' id='word_1_258' title='bbox 932 1831 1025 1869; x_wconf 76' lang='lat' dir='ltr'>Veni,</span> <span class='ocrx_word' id='word_1_259' title='bbox 1052 1840 1153 1870; x_wconf 82' lang='lat' dir='ltr'>soror,</span> <span class='ocrx_word' id='word_1_260' title='bbox 1182 1830 1345 1872; x_wconf 85' lang='lat' dir='ltr'>egredere,</span> 
     </span>
     <span class='ocr_line' id='line_1_34' title="bbox 239 1878 1381 1919; baseline -0.004 -5"><span class='ocrx_word' id='word_1_261' title='bbox 239 1882 361 1915; x_wconf 85' lang='lat' dir='ltr'>Beatae</span> <span class='ocrx_word' id='word_1_262' title='bbox 383 1880 585 1912; x_wconf 87' lang='lat' dir='ltr'>Theodosiae</span> <span class='ocrx_word' id='word_1_263' title='bbox 933 1878 1075 1918; x_wconf 85' lang='lat' dir='ltr'>Sponsus</span> <span class='ocrx_word' id='word_1_264' title='bbox 1101 1878 1215 1919; x_wconf 80' lang='lat' dir='ltr'>inquit,</span> <span class='ocrx_word' id='word_1_265' title='bbox 1242 1878 1381 1910; x_wconf 87' lang='lat' dir='ltr'>velocius</span> 
     </span>
     <span class='ocr_line' id='line_1_35' title="bbox 240 1925 1386 1969; baseline -0.004 -7"><span class='ocrx_word' id='word_1_266' title='bbox 240 1930 291 1963; x_wconf 87' lang='lat' dir='ltr'>De</span> <span class='ocrx_word' id='word_1_267' title='bbox 315 1928 468 1969; x_wconf 84' lang='lat' dir='ltr'>praeside</span> <span class='ocrx_word' id='word_1_268' title='bbox 497 1926 649 1959; x_wconf 82' lang='lat' dir='ltr'>victorias</span> <span class='ocrx_word' id='word_1_269' title='bbox 929 1925 974 1958; x_wconf 89' lang='lat' dir='ltr'>Et</span> <span class='ocrx_word' id='word_1_270' title='bbox 998 1929 1072 1965; x_wconf 85' lang='lat' dir='ltr'>post</span> <span class='ocrx_word' id='word_1_271' title='bbox 1096 1926 1222 1958; x_wconf 86' lang='lat' dir='ltr'>labores</span> <span class='ocrx_word' id='word_1_272' title='bbox 1248 1934 1386 1965; x_wconf 85' lang='lat' dir='ltr'>propere</span> 
     </span>
     <span class='ocr_line' id='line_1_36' title="bbox 239 1973 1293 2016; baseline -0.005 -6"><span class='ocrx_word' id='word_1_273' title='bbox 239 1977 465 2016; x_wconf 85' lang='lat' dir='ltr'>Laborumque</span> <span class='ocrx_word' id='word_1_274' title='bbox 490 1984 561 2007; x_wconf 86' lang='lat' dir='ltr'>cum</span> <span class='ocrx_word' id='word_1_275' title='bbox 586 1983 692 2014; x_wconf 83' lang='lat' dir='ltr'>opere.</span> <span class='ocrx_word' id='word_1_276' title='bbox 928 1973 1008 2005; x_wconf 86' lang='lat' dir='ltr'>Frui</span> <span class='ocrx_word' id='word_1_277' title='bbox 1033 1982 1115 2014; x_wconf 83' lang='lat' dir='ltr'>pace</span> <span class='ocrx_word' id='word_1_278' title='bbox 1138 1973 1293 2005; x_wconf 84' lang='lat' dir='ltr'>securius.</span> 
     </span>
    </p>

    <p class='ocr_par' dir='ltr' id='par_1_12' title="bbox 182 2030 1501 2274">
     <span class='ocr_line' id='line_1_37' title="bbox 182 2030 1404 2076; baseline -0.007 -6"><span class='ocrx_word' id='word_1_279' title='bbox 182 2039 214 2071; x_wconf 82' lang='lat'>3.</span> <span class='ocrx_word' id='word_1_280' title='bbox 241 2035 418 2076; x_wconf 81' lang='lat' dir='ltr'>Egreditur</span> <span class='ocrx_word' id='word_1_281' title='bbox 444 2033 638 2074; x_wconf 77' lang='lat' dir='ltr'>ergastulum</span> <span class='ocrx_word' id='word_1_282' title='bbox 872 2033 901 2064; x_wconf 85' lang='lat'>6.</span> <span class='ocrx_word' id='word_1_283' title='bbox 930 2031 992 2064; x_wconf 89' lang='lat' dir='ltr'>Per</span> <span class='ocrx_word' id='word_1_284' title='bbox 1017 2031 1099 2063; x_wconf 87' lang='lat' dir='ltr'>hanc</span> <span class='ocrx_word' id='word_1_285' title='bbox 1123 2033 1217 2071; x_wconf 83' lang='lat' dir='ltr'>pater</span> <span class='ocrx_word' id='word_1_286' title='bbox 1243 2039 1314 2063; x_wconf 88' lang='lat' dir='ltr'>cum</span> <span class='ocrx_word' id='word_1_287' title='bbox 1338 2030 1404 2063; x_wconf 87' lang='lat' dir='ltr'>filio</span> 
     </span>
     <span class='ocr_line' id='line_1_38' title="bbox 238 2077 1337 2124; baseline -0.005 -8"><span class='ocrx_word' id='word_1_288' title='bbox 238 2084 334 2124; x_wconf 82' lang='lat' dir='ltr'>Diva,</span> <span class='ocrx_word' id='word_1_289' title='bbox 354 2082 501 2115; x_wconf 83' lang='lat' dir='ltr'>coelestis</span> <span class='ocrx_word' id='word_1_290' title='bbox 526 2081 632 2113; x_wconf 79' lang='lat' dir='ltr'>anima</span> <span class='ocrx_word' id='word_1_291' title='bbox 930 2077 1181 2118; x_wconf 82' lang='lat' dir='ltr'>Consolatorque</span> <span class='ocrx_word' id='word_1_292' title='bbox 1204 2078 1337 2118; x_wconf 81' lang='lat' dir='ltr'>spiritus</span> 
     </span>
     <span class='ocr_line' id='line_1_39' title="bbox 239 2126 1325 2169; baseline -0.006 -5"><span class='ocrx_word' id='word_1_293' title='bbox 239 2130 455 2165; x_wconf 85' lang='lat' dir='ltr'>Transcendit</span> <span class='ocrx_word' id='word_1_294' title='bbox 482 2131 514 2161; x_wconf 91' lang='lat' dir='ltr'>et</span> <span class='ocrx_word' id='word_1_295' title='bbox 537 2129 571 2160; x_wconf 90' lang='lat' dir='ltr'>in</span> <span class='ocrx_word' id='word_1_296' title='bbox 597 2128 739 2169; x_wconf 86' lang='lat' dir='ltr'>patulum</span> <span class='ocrx_word' id='word_1_297' title='bbox 930 2126 961 2159; x_wconf 87' lang='lat' dir='ltr'>A</span> <span class='ocrx_word' id='word_1_298' title='bbox 987 2126 1153 2158; x_wconf 84' lang='lat' dir='ltr'>criminum</span> <span class='ocrx_word' id='word_1_299' title='bbox 1180 2126 1325 2167; x_wconf 87' lang='lat' dir='ltr'>contagio</span> 
     </span>
     <span class='ocr_line' id='line_1_40' title="bbox 240 2173 1411 2213; baseline -0.007 0"><span class='ocrx_word' id='word_1_300' title='bbox 240 2181 279 2213; x_wconf 87' lang='lat' dir='ltr'>In</span> <span class='ocrx_word' id='word_1_301' title='bbox 306 2180 429 2212; x_wconf 89' lang='lat' dir='ltr'>coelum</span> <span class='ocrx_word' id='word_1_302' title='bbox 453 2176 662 2210; x_wconf 87' lang='lat' dir='ltr'>lucidissima.</span> <span class='ocrx_word' id='word_1_303' title='bbox 930 2173 997 2206; x_wconf 85' lang='lat' dir='ltr'>Nos</span> <span class='ocrx_word' id='word_1_304' title='bbox 1022 2175 1075 2206; x_wconf 89' lang='lat' dir='ltr'>hic</span> <span class='ocrx_word' id='word_1_305' title='bbox 1101 2174 1250 2206; x_wconf 87' lang='lat' dir='ltr'>emundet</span> <span class='ocrx_word' id='word_1_306' title='bbox 1274 2175 1411 2213; x_wconf 87' lang='lat' dir='ltr'>penitus.</span> 
     </span>
     <span class='ocr_line' id='line_1_41' title="bbox 255 2237 1501 2274; baseline -0.004 0"><span class='ocrx_word' id='word_1_307' title='bbox 255 2246 361 2274; x_wconf 76' lang='lat' dir='ltr'>Diui-n.</span> <span class='ocrx_word' id='word_1_308' title='bbox 383 2253 436 2272; x_wconf 90' lang='lat' dir='ltr'>ms.</span> <span class='ocrx_word' id='word_1_309' title='bbox 459 2243 702 2272; x_wconf 82' lang='lat' dir='ltr'>Praedicatorum</span> <span class='ocrx_word' id='word_1_310' title='bbox 723 2249 797 2269; x_wconf 81' lang='lat' dir='ltr'>saec.</span> <span class='ocrx_word' id='word_1_311' title='bbox 822 2238 865 2268; x_wconf 82' lang='lat'>15.</span> <span class='ocrx_word' id='word_1_312' title='bbox 907 2239 976 2269; x_wconf 87' lang='lat' dir='ltr'>Cod.</span> <span class='ocrx_word' id='word_1_313' title='bbox 999 2240 1140 2268; x_wconf 76' lang='lat' dir='ltr'>Marciau.</span> <span class='ocrx_word' id='word_1_314' title='bbox 1163 2239 1188 2267; x_wconf 91' lang='lat' dir='ltr'>A</span> <span class='ocrx_word' id='word_1_315' title='bbox 1207 2240 1222 2267; x_wconf 87' lang='grc' dir='ltr'>Ι</span> <span class='ocrx_word' id='word_1_316' title='bbox 1236 2237 1282 2268; x_wconf 79' lang='grc'>83.</span> <span class='ocrx_word' id='word_1_317' title='bbox 1302 2240 1337 2267; x_wconf 88' lang='lat' dir='ltr'>A.</span> <span class='ocrx_word' id='word_1_318' title='bbox 1358 2254 1394 2259; x_wconf 82' lang='lat'>—</span> <span class='ocrx_word' id='word_1_319' title='bbox 1414 2241 1501 2269; x_wconf 75' lang='lat' dir='ltr'>BreV.</span> 
     </span>
    </p>
   </div>
   <div class='ocr_carea' id='block_1_8' title="bbox 178 2276 1501 2474">
    <p class='ocr_par' dir='ltr' id='par_1_13' title="bbox 178 2276 1501 2474">
     <span class='ocr_line' id='line_1_42' title="bbox 178 2276 1499 2315; baseline -0.004 -3"><span class='ocrx_word' id='word_1_320' title='bbox 178 2293 231 2312; x_wconf 89' lang='lat' dir='ltr'>ms.</span> <span class='ocrx_word' id='word_1_321' title='bbox 252 2284 431 2312; x_wconf 74' lang='lat' dir='ltr'>Praedicatt.</span> <span class='ocrx_word' id='word_1_322' title='bbox 451 2283 555 2311; x_wconf 82' lang='lat' dir='ltr'>Venet.</span> <span class='ocrx_word' id='word_1_323' title='bbox 584 2288 661 2310; x_wconf 82' lang='lat' dir='ltr'>saec.</span> <span class='ocrx_word' id='word_1_324' title='bbox 691 2278 734 2308; x_wconf 83' lang='lat'>15.</span> <span class='ocrx_word' id='word_1_325' title='bbox 777 2279 847 2307; x_wconf 82' lang='lat' dir='ltr'>Ood.</span> <span class='ocrx_word' id='word_1_326' title='bbox 870 2279 963 2315; x_wconf 86' lang='lat' dir='ltr'>Capit.</span> <span class='ocrx_word' id='word_1_327' title='bbox 991 2279 1093 2306; x_wconf 75' lang='lat' dir='ltr'>Patav.</span> <span class='ocrx_word' id='word_1_328' title='bbox 1114 2279 1138 2305; x_wconf 94' lang='lat' dir='ltr'>B</span> <span class='ocrx_word' id='word_1_329' title='bbox 1161 2276 1205 2306; x_wconf 84' lang='lat'>60.</span> <span class='ocrx_word' id='word_1_330' title='bbox 1226 2278 1259 2306; x_wconf 92' lang='grc' dir='ltr'>Β.</span> <span class='ocrx_word' id='word_1_331' title='bbox 1281 2294 1318 2298; x_wconf 82' lang='lat'>—</span> <span class='ocrx_word' id='word_1_332' title='bbox 1339 2280 1423 2308; x_wconf 82' lang='lat' dir='ltr'>Brev.</span> <span class='ocrx_word' id='word_1_333' title='bbox 1446 2289 1499 2307; x_wconf 84' lang='lat' dir='ltr'>ms.</span> 
     </span>
     <span class='ocr_line' id='line_1_43' title="bbox 178 2314 1501 2351; baseline -0.006 0"><span class='ocrx_word' id='word_1_334' title='bbox 178 2323 356 2351; x_wconf 76' lang='lat' dir='ltr'>Praedicatt.</span> <span class='ocrx_word' id='word_1_335' title='bbox 384 2321 555 2349; x_wconf 84' lang='lat' dir='ltr'>Cremonen.</span> <span class='ocrx_word' id='word_1_336' title='bbox 580 2320 654 2348; x_wconf 83' lang='lat' dir='ltr'>anni</span> <span class='ocrx_word' id='word_1_337' title='bbox 681 2316 764 2347; x_wconf 76' lang='lat'>1467.</span> <span class='ocrx_word' id='word_1_338' title='bbox 813 2317 882 2345; x_wconf 62' lang='lat' dir='ltr'>(jod.</span> <span class='ocrx_word' id='word_1_339' title='bbox 903 2318 1077 2345; x_wconf 78' lang='lat' dir='ltr'>Oasanaten.</span> <span class='ocrx_word' id='word_1_340' title='bbox 1107 2318 1129 2345; x_wconf 74' lang='grc' dir='ltr'><em>Β</em></span> <span class='ocrx_word' id='word_1_341' title='bbox 1155 2317 1200 2344; x_wconf 75' lang='lat' dir='ltr'>Vi</span> <span class='ocrx_word' id='word_1_342' title='bbox 1229 2315 1246 2344; x_wconf 88' lang='lat'>5</span> <span class='ocrx_word' id='word_1_343' title='bbox 1270 2314 1374 2350; x_wconf 75' lang='lat'>(1182).</span> <span class='ocrx_word' id='word_1_344' title='bbox 1404 2319 1434 2344; x_wconf 63' lang='grc' dir='ltr'>(ἲ.</span> <span class='ocrx_word' id='word_1_345' title='bbox 1463 2334 1501 2338; x_wconf 90' lang='grc'>--</span> 
     </span>
     <span class='ocr_line' id='line_1_44' title="bbox 178 2353 1498 2390; baseline -0.005 0"><span class='ocrx_word' id='word_1_346' title='bbox 178 2363 265 2390; x_wconf 72' lang='lat' dir='ltr'>BreV.</span> <span class='ocrx_word' id='word_1_347' title='bbox 291 2370 344 2388; x_wconf 86' lang='lat' dir='ltr'>ms.</span> <span class='ocrx_word' id='word_1_348' title='bbox 370 2360 548 2388; x_wconf 85' lang='lat' dir='ltr'>Praedicatt.</span> <span class='ocrx_word' id='word_1_349' title='bbox 568 2358 665 2387; x_wconf 85' lang='lat' dir='ltr'>Italic.</span> <span class='ocrx_word' id='word_1_350' title='bbox 693 2365 769 2385; x_wconf 80' lang='lat' dir='ltr'>saec.</span> <span class='ocrx_word' id='word_1_351' title='bbox 796 2354 840 2384; x_wconf 79' lang='lat'>14.</span> <span class='ocrx_word' id='word_1_352' title='bbox 889 2355 957 2384; x_wconf 83' lang='lat' dir='ltr'>Cod.</span> <span class='ocrx_word' id='word_1_353' title='bbox 986 2355 1150 2383; x_wconf 80' lang='lat' dir='ltr'>Londinen.</span> <span class='ocrx_word' id='word_1_354' title='bbox 1175 2355 1249 2383; x_wconf 82' lang='lat' dir='ltr'>Add.</span> <span class='ocrx_word' id='word_1_355' title='bbox 1273 2353 1306 2383; x_wconf 80' lang='lat'>17</span> <span class='ocrx_word' id='word_1_356' title='bbox 1317 2354 1382 2384; x_wconf 89' lang='lat'>007.</span> <span class='ocrx_word' id='word_1_357' title='bbox 1404 2357 1439 2384; x_wconf 81' lang='lat'>1).</span> <span class='ocrx_word' id='word_1_358' title='bbox 1464 2372 1498 2376; x_wconf 87' lang='lat'>—</span> 
     </span>
     <span class='ocr_line' id='line_1_45' title="bbox 178 2392 1500 2437; baseline -0.005 -9"><span class='ocrx_word' id='word_1_359' title='bbox 178 2398 205 2434; x_wconf 74' lang='lat'>2,</span> <span class='ocrx_word' id='word_1_360' title='bbox 230 2399 243 2428; x_wconf 92' lang='lat'>1</span> <span class='ocrx_word' id='word_1_361' title='bbox 265 2401 334 2437; x_wconf 87' lang='lat' dir='ltr'>post</span> <span class='ocrx_word' id='word_1_362' title='bbox 352 2398 427 2426; x_wconf 82' lang='lat' dir='ltr'>fehlt</span> <span class='ocrx_word' id='word_1_363' title='bbox 447 2398 512 2426; x_wconf 82' lang='lat' dir='ltr'>DE.</span> <span class='ocrx_word' id='word_1_364' title='bbox 536 2413 573 2416; x_wconf 97' lang='lat'><strong>—</strong></span> <span class='ocrx_word' id='word_1_365' title='bbox 588 2396 614 2432; x_wconf 84' lang='lat'>5,</span> <span class='ocrx_word' id='word_1_366' title='bbox 636 2395 654 2424; x_wconf 84' lang='grc'><strong><em>3</em></strong></span> <span class='ocrx_word' id='word_1_367' title='bbox 675 2397 777 2425; x_wconf 80' lang='lat' dir='ltr'>labore</span> <span class='ocrx_word' id='word_1_368' title='bbox 794 2395 828 2422; x_wconf 82' lang='lat' dir='ltr'>A.</span> <span class='ocrx_word' id='word_1_369' title='bbox 843 2409 879 2414; x_wconf 92' lang='lat'><strong>—</strong></span> <span class='ocrx_word' id='word_1_370' title='bbox 895 2393 920 2430; x_wconf 81' lang='lat'>6,</span> <span class='ocrx_word' id='word_1_371' title='bbox 945 2392 959 2421; x_wconf 91' lang='lat'>1</span> <span class='ocrx_word' id='word_1_372' title='bbox 981 2394 1037 2422; x_wconf 82' lang='lat' dir='ltr'>Pei·</span> <span class='ocrx_word' id='word_1_373' title='bbox 1057 2393 1141 2429; x_wconf 86' lang='lat' dir='ltr'>hanc,</span> <span class='ocrx_word' id='word_1_374' title='bbox 1163 2396 1247 2431; x_wconf 85' lang='lat' dir='ltr'>pater</span> <span class='ocrx_word' id='word_1_375' title='bbox 1266 2395 1399 2431; x_wconf 73' lang='lat' dir='ltr'>piissime</span> <span class='ocrx_word' id='word_1_376' title='bbox 1415 2396 1448 2423; x_wconf 70' lang='lat' dir='ltr'>A..</span> <span class='ocrx_word' id='word_1_377' title='bbox 1465 2411 1500 2415; x_wconf 88' lang='grc'>-</span> 
     </span>
     <span class='ocr_line' id='line_1_46' title="bbox 179 2437 469 2474; baseline -0.01 -7"><span class='ocrx_word' id='word_1_378' title='bbox 179 2440 205 2474; x_wconf 80' lang='grc'>6,</span> <span class='ocrx_word' id='word_1_379' title='bbox 229 2437 247 2466; x_wconf 84' lang='grc'>2</span> <span class='ocrx_word' id='word_1_380' title='bbox 267 2437 295 2466; x_wconf 83' lang='lat' dir='ltr'>ff.</span> <span class='ocrx_word' id='word_1_381' title='bbox 316 2437 415 2465; x_wconf 83' lang='lat' dir='ltr'>fehleu</span> <span class='ocrx_word' id='word_1_382' title='bbox 436 2438 469 2465; x_wconf 81' lang='lat' dir='ltr'>A.</span> 
     </span>
    </p>
   </div>
  </div>
 </body>
</html>
