1651 2621
660 149 918 184 —197-—

126 239 158 271 5.
186 239 355 278 Tyrannus
379 240 441 271 hoc
464 241 658 281 intelligens,
826 243 857 274 8.
885 242 944 280 Qui
967 242 1161 281 sempiterno
1188 241 1313 272 debitas

184 284 261 316 Ritu
285 286 387 316 leonis
411 286 568 325 saeviens,
886 288 929 319 Se
954 287 1170 319 reddiderunt
1192 287 1315 318 hostias

180 329 246 362 Dat
270 330 321 362 bis
348 332 484 363 decenos
509 330 625 371 funeri,
883 333 993 365 Flexis
1018 332 1082 371 piis
1108 332 1285 364 cervicibus

179 377 375 418 Apostatent
399 380 436 409 ut
461 379 569 409 ceteri.
882 378 1073 411 Furentium
1097 379 1313 411 mucronibus.

120 445 155 478 6.
182 442 246 475 Sed
271 442 408 483 signifer
430 442 602 475 Mauritius
822 445 852 476 9.
880 443 965 475 Hinc
989 447 1102 475 sancta
1125 444 1223 476 turba
1246 444 1384 476 militum

180 490 226 523 Et
252 489 366 523 ductor
388 489 588 530 Exsuperius
881 489 1007 523 Effecta
1033 499 1162 523 consors
1186 495 1366 531 martyrum

179 538 241 571 Per
267 540 372 570 castra
395 542 537 579 currunt,
573 537 748 578 clamitant,
877 537 960 569 Dira
987 546 1083 569 ruens
1109 538 1270 570 sententia

178 585 282 619 Deum
304 585 482 618 timendum
506 584 708 625 praedicant.
879 584 1035 625 Migravit
1059 584 1101 617 ad
1127 586 1290 619 coelestia.

119 655 151 688 7.
177 653 346 694 Praecepit
368 652 445 685 iude
469 651 611 693 perfidus
809 652 865 685 10.
880 652 1019 691 Quorum
1045 652 1107 692 piis
1133 652 1319 693 precatibus

178 701 332 742 Princeps
356 701 422 733 suis
447 699 641 741 cohortibus,
879 699 991 740 Culpis
1015 699 1113 740 piatis
1138 699 1286 732 omnibus

178 748 223 782 Ut
249 751 414 781 conterant
438 748 612 781 exercitum
877 747 1026 780 Praestet
1051 756 1191 788 superna
1215 746 1321 788 gratia

179 796 336 829 Totaliter
360 796 565 829 Thebaicum.
876 797 1021 828 Aeterna
1045 795 1139 828 nobis
1162 795 1289 837 gaudia.

521 865 575 898 11.
605 862 717 896 Gloria
741 862 810 901 tibi,
837 862 984 896 Domine.

115 989 129 1015 t
168 948 287 1015 τΒὶεῩὲ
298 949 526 977 Ambrosianum
549 949 620 985 imp.
640 948 804 977 Mediolani
827 946 908 976 1490.
929 962 968 967 ——-
987 944 1024 982 3,
1045 944 1064 975 3
1086 947 1217 975 ancillia.
1238 963 1275 968 -—
1294 946 1322 983 4,
1346 946 1361 975 1
1381 947 1439 975 Mi-

131 995 167 1015 an
201 996 217 1015 ο
258 997 268 1015 1
291 1007 297 1014 .

571 1142 638 1175 336.
667 1143 710 1174 De
731 1143 840 1174 saneto
863 1142 980 1175 Mauro.

384 1234 415 1267 1.
444 1233 603 1273 Gaudere,
634 1231 763 1272 fratres,
790 1242 847 1264 nos
872 1232 969 1266 hodie
995 1234 1088 1266 decet

439 1281 485 1314 Et
510 1289 653 1320 quaeque
678 1280 784 1312 cordis
810 1280 917 1313 tristia
941 1290 1094 1322 spernere

445 1328 575 1361 Summa
599 1328 685 1360 beati
709 1328 835 1360 laetitia
859 1329 929 1368 viri,

442 1377 501 1410 His
527 1376 616 1416 cujus
641 1376 719 1408 odas
743 1376 912 1417 pangimus
937 1377 1075 1417 organis.

383 1445 417 1477 2.
440 1443 530 1476 Haec
553 1443 612 1475 illa
634 1443 691 1475 lux
716 1446 775 1486 est,
801 1453 864 1484 qua
887 1442 988 1476 subiit
1011 1445 1121 1484 polum

441 1491 549 1524 Mauri
574 1491 696 1524 solutus
722 1500 857 1531 corpore
882 1492 1025 1532 spiritus,

441 1538 494 1571 Sic
519 1539 603 1580 regis
626 1543 699 1571 acta
722 1539 838 1571 militia
863 1540 912 1571 sui

438 1586 561 1620 Tantae
586 1586 702 1627 quietis
725 1588 869 1627 praemia
894 1588 1039 1628 pertulit.

380 1655 411 1688 3.
439 1653 593 1687 Coelestis
619 1654 711 1686 aulae
738 1653 843 1687 factus
869 1664 1059 1689 oeconomus

437 1703 588 1735 Praestat
611 1701 749 1742 benigne
775 1703 873 1744 digna
897 1704 1093 1749 petentibuS,

434 1751 496 1791 Qui
518 1753 631 1783 nostra
655 1755 782 1790 sumpto
805 1760 880 1783 mox
903 1752 966 1784 sibi
991 1761 1124 1784 munere

435 1798 583 1830 Illustret
605 1797 711 1837 amplo
737 1801 871 1838 pectora
894 1800 1024 1831 lumine.

377 1865 413 1899 4.
436 1863 502 1896 Hic
524 1864 689 1896 Arderadi
712 1863 857 1896 membra
877 1865 1058 1897 miserrime

438 1910 558 1944 collisa
587 1919 662 1942 casu
688 1911 834 1949 protinus
858 1911 983 1951 integre

438 1957 572 1990 Sanavit
596 1957 683 1999 olim,
710 1966 780 1989 cum
804 1966 863 1989 sua
886 1958 1006 1990 saeculi

439 2004 602 2046 Fulgebat
625 2005 711 2036 omni
735 2013 825 2036 mens
849 2005 944 2037 simul
969 2008 1002 2037 et
1026 2014 1112 2039 caro.

381 2075 413 2108 5.
439 2073 560 2105 Fracto
584 2071 744 2103 medelam
771 2071 811 2103 de
835 2071 920 2111 pede
945 2071 1056 2111 Sergio

438 2121 626 2160 Lumenque
651 2126 745 2150 caeco
769 2117 965 2157 praebuerat
987 2118 1079 2161 Lino,

439 2170 542 2203 sensu
573 2168 733 2199 carentem
760 2165 890 2197 sustulit
913 2174 933 2197 a
956 2174 1044 2205 nece,

437 2217 583 2258 Ejusque
607 2214 690 2247 vixit
713 2215 856 2244 mortuus
882 2213 924 2244 ad
949 2221 1088 2253 precem.

381 2288 413 2320 6.
442 2285 467 2318 Ο
492 2283 609 2318 Maure
633 2279 723 2318 felix,
751 2286 951 2319 quaesumus,
978 2281 1077 2322 utere,

439 2332 506 2371 Quo
529 2332 597 2371 jam
621 2328 758 2367 solebas⁷
787 2329 819 2358 et
840 2326 934 2358 modo
959 2327 1093 2371 plenius,

439 2379 564 2412 Noscat
588 2376 698 2409 Casini
723 2374 817 2407 dulce
841 2373 945 2405 solum
968 2373 1039 2417 tihi,

440 2426 523 2465 Quid
548 2428 640 2457 tanta
662 2422 766 2464 possit
789 2420 901 2461 gloria,
927 2430 989 2460 qua
1014 2423 1103 2455 cluis.
