1651 2621
689 151 949 186 -195—

156 239 190 271 3.
216 238 406 279 Surgentem
438 241 598 275 Christum
624 245 793 284 praedicat
850 248 882 279 4.
908 247 1080 286 Postquam
1103 246 1201 280 fidem
1225 247 1279 279 hic
1304 247 1422 287 docuit,

212 284 445 326 Evangelizans
469 290 627 330 omnibus,
908 293 971 325 Pro
996 292 1061 325 fide
1085 297 1220 325 mortem
1244 293 1377 333 patitur,

213 331 308 364 Miris
335 336 366 364 et
391 335 491 374 signis
517 337 634 369 emicat
905 340 969 371 Pro
994 343 1108 379 morte,
1133 349 1226 380 quam
1251 341 1413 381 sustinuit,

212 379 256 412 Et
282 384 373 412 curat,
397 390 417 412 a
441 381 659 422 languoribus,
906 384 982 417 Vita
1004 388 1140 425 perenni
1164 386 1292 421 fruitur.

552 448 583 480 5.
610 447 711 488 Patri,
736 451 822 487 nato,
849 450 1016 489 paraclito.

234 521 319 550 Brev.
344 531 398 550 ms.
425 522 455 550 ὃ,
484 523 623 551 Justinae
649 531 726 551 saec.
748 521 793 550 15.
836 523 907 551 Cod.
932 523 1024 551 Univ.
1049 524 1154 552 Patav,
1179 523 1244 553 704.
1268 527 1303 554 A.
1329 542 1367 547 —-
1390 528 1477 555 Brev,

155 568 209 587 ms.
238 559 268 587 S.
296 560 435 589 Justinae
464 569 540 589 saec.
569 559 612 588 15.
660 560 728 589 Cod.
755 560 844 589 Univ.
873 561 977 589 Patav.
1007 560 1088 590 1290.
1116 564 1149 590 Β.
1174 578 1213 583 ——
1239 566 1339 601 Propr.
1366 574 1420 592 ms.
1449 565 1476 593 S.

149 598 394 671 ⁸{ngdsit‘igloaemsaec.
414 596 488 628 1⁵l16.
530 597 601 627 Cod.
621 600 760 628 Univers.
779 599 884 627 Patav.
905 597 970 628 702.
992 600 1024 627 Ο.
1051 616 1088 621 -
1116 599 1147 635 2,
1172 600 1193 629 4
1212 601 1424 632 Sanctissimus
1445 606 1478 632 in

590 805 656 837 333.
686 806 731 838 De
751 806 861 838 sancto
882 806 1040 839 Mam-itio.

418 906 449 941 1.
473 906 610 945 Emicat,
639 915 722 947 ecce,
751 907 819 939 dies
843 907 961 947 lucida,

472 954 571 993 Quam
597 953 660 986 sibi
683 954 789 986 victor
811 962 887 987 acer
910 955 1021 996 sociat,

474 1001 592 1033 Tincta
616 1001 755 1034 salubris
780 1010 883 1042 aquae
908 1002 1003 1042 dolio,

475 1049 563 1081 Ante
586 1049 739 1089 cujusque
762 1051 851 1081 necis
875 1050 991 1082 seriem

478 1096 637 1137 Dogmate
661 1097 709 1129 sic
733 1096 873 1130 solidata
897 1098 962 1137 pio.

418 1173 449 1204 2.
477 1172 604 1205 Nobilis
631 1175 663 1204 et
687 1171 764 1205 fidei
787 1174 902 1206 merito

472 1220 627 1253 Mauritio
655 1221 734 1253 duce
757 1223 837 1253 tunc
857 1229 1049 1262 properans,

471 1268 598 1300 Masius
622 1269 699 1301 hinc
723 1269 852 1301 solitum
875 1269 1045 1310 revehens,

475 1315 636 1348 Militibus
661 1317 783 1349 sociata
807 1326 943 1357 nequam

471 1362 639 1404 Cordeque
661 1363 809 1397 dissimili
834 1364 950 1398 fuerat.

412 1440 443 1473 3.
470 1441 610 1472 Aestuat
633 1440 709 1473 hinc
735 1440 865 1473 coluber
888 1441 1017 1482 lividus,

469 1487 516 1521 Et
540 1488 615 1528 quia
638 1488 784 1521 Mauritii
807 1489 937 1529 penitus

469 1534 532 1567 Gor
556 1536 643 1576 quod
668 1539 740 1568 erat
765 1537 887 1569 ditione
911 1546 978 1577 sua,

468 1583 515 1615 Ut
539 1592 633 1616 sacra
656 1584 705 1616 dis
730 1586 854 1617 statuat
877 1584 949 1617 fieri

471 1630 590 1664 Caesar
612 1632 646 1664 in
672 1632 786 1665 ordine
810 1631 963 1667 fanatico.

409 1710 443 1742 4.
468 1708 548 1741 Mox
573 1710 656 1749 petit
680 1709 854 1749 astrigeros
879 1710 1037 1750 tramites,

465 1756 559 1788 Tunc
582 1757 703 1789 monito
723 1758 876 1790 recitavit
899 1767 1018 1799 amens,

466 1804 582 1836 Thura
610 1804 673 1836 <liis
698 1805 830 1837 adolere
853 1806 931 1843 suis⁷

467 1851 559 1889 Quod
584 1860 676 1883 sacer
701 1851 849 1884 audierat,
873 1853 1020 1896 populus,

466 1897 628 1930 Praeterit,
652 1898 805 1931 Octodori
835 1900 993 1939 laqueum.

411 1977 443 2008 5.
470 1974 608 2007 Viderat
629 1974 693 2005 hoc
715 1974 915 2006 truculentus
939 1975 1046 2016 heros,

466 2021 603 2054 Mitibus
628 2024 665 2052 ut
687 2021 818 2054 monitis
842 2022 988 2063 redeant,

466 2070 612 2102 Pectoris
638 2069 747 2100 eximii
771 2069 885 2109 sophia

465 2116 640 2150 Mauritius
668 2116 803 2156 diligens
831 2116 979 2154 animam,

468 2166 615 2199 Caesaris
639 2164 692 2196 hic
716 2171 839 2203 quoque
865 2165 979 2195 missus
1005 2164 1109 2197 adest.

412 2246 444 2278 6,
471 2243 611 2276 Vincere
634 2249 692 2273 seu
714 2240 857 2272 lubricos
885 2239 999 2272 debeat

469 2291 532 2324 Seu
557 2299 639 2330 opus
664 2287 781 2328 exigat,
807 2289 845 2319 ut
868 2290 1007 2329 superet,

468 2338 564 2371 Nunc
587 2337 706 2371 validis
731 2344 811 2376 opus
836 2338 884 2367 est
909 2335 1034 2378 animis,

469 2385 537 2418 Nos
564 2385 638 2426 quia
664 2384 802 2416 chrisma
827 2382 956 2414 salubre
982 2383 1084 2425 docet,

472 2433 580 2475 Unde,
607 2431 733 2465 funeste
758 2430 897 2473 satelles,
924 2430 987 2463 abi.

1232 2486 1292 2517 13*
