1651 2621
684 110 920 147 ,(53.-

440 210 471 243 9.
498 209 559 252 Tu,
585 209 672 241 Deus
698 209 835 249 simplex
859 208 1041 249 pariterque
1066 208 1158 253 trine,

497 256 599 289 Blasii
623 256 736 297 sancti,
762 257 816 297 qui
837 256 920 290 vixit
941 256 1056 298 divine,

497 303 651 337 Precibus
675 304 766 337 nobis
792 313 884 345 opem
908 304 1086 336 medicinae

546 352 612 385 Fer
636 351 814 385 miseratus

226 437 313 465 Brev.
333 437 538 465 Placentinum
562 438 632 473 imp.
652 437 786 465 Venetiis
814 434 897 465 1503.
937 436 993 464 Str.
1021 435 1094 466 1-—4
1120 439 1175 465 mit.
1202 437 1308 465 Doxol.
1328 436 1367 464 ad
1385 435 1456 462 Ves-

151 484 251 512 peras,
273 474 331 503 Str.
350 472 426 503 5—8
448 476 485 503 ad
504 476 589 504 Nece.
633 475 673 504 Es
692 475 768 503 fehlt
785 474 864 503 wohl
883 475 960 503 noch
979 477 1028 503 ein
1046 475 1149 504 drittes
1169 475 1262 503 Stiick
1281 474 1319 502 ad
1331 474 1457 503 Laudes.

590 596 636 629 96.
668 597 702 628 ln
725 597 827 628 sancti
847 596 1009 629 Bonifacii.

645 663 693 694 Ad
712 663 803 701 Vesp.
824 666 855 694 et
872 663 967 693 Laud.

152 733 184 767 1.
212 734 364 766 Sublimis
388 733 481 766 nobis
505 733 650 766 imminet
838 735 872 767 4.
898 733 1000 766 Roma
1022 732 1136 765 missus
1161 732 1200 764 ab
1226 731 1326 772 Aglae

213 781 346 814 Festum
369 781 464 813 nimis
491 781 648 822 celebriis,
897 781 1055 813 Tharsum
1080 779 1168 812 venit
1193 778 1334 819 Ciliciae,

215 829 350 862 Sanctus
376 837 437 869 quo
465 827 650 861 Bonifacius
897 829 961 862 Pro
987 830 1163 867 martyrum
1187 827 1330 867 reliquiis

212 877 341 918 Martyr
366 885 460 909 saeve
484 880 616 909 necatus
642 879 701 910 cst.
900 876 975 916 Ipse
998 877 1122 915 martyr
1147 873 1275 907 effectus
1301 877 1358 909 est.

154 946 185 976 2.
211 943 424 976 Mutationem
451 943 602 975 dexterae
840 944 871 976 5.
899 943 1055 977 Constans
1080 941 1221 974 tribunal
1246 941 1335 981 adiit,

215 991 277 1023 Dei
302 991 465 1034 mirantes,
492 989 609 1023 famine
898 990 1036 1022 Trucem
1062 988 1228 1021 confundit
1252 988 1418 1027 arbitrum,

215 1038 343 1071 Christo
367 1038 479 1071 laudes
505 1038 663 1070 concinite
899 1038 990 1078 Quod
1022 1045 1135 1077 passus
1159 1037 1254 1077 plura
1277 1039 1311 1068 et
1333 1036 1464 1068 horrida

215 1086 278 1118 Suo
303 1086 441 1119 vincenti
467 1089 618 1125 martyre.
904 1085 1068 1118 coelorum
1094 1084 1223 1116 scandit
1247 1084 1357 1117 ardua.

158 1155 190 1186 3.
216 1153 276 1192 Qui
300 1153 374 1193 igne
398 1153 501 1184 sancti
525 1152 657 1192 spiritus
842 1154 874 1185 6.
900 1152 1082 1184 Laudemus
1107 1159 1215 1184 omnes
1238 1151 1419 1192 Dominum,

213 1201 374 1233 Immensa
398 1200 479 1232 ussit
504 1200 590 1243 vitia,
899 1200 1061 1232 Virtutum
1086 1203 1174 1231 sator
1199 1198 1335 1230 omnium

214 1248 265 1281 Ex
288 1247 419 1279 moecho
447 1250 567 1280 castum
592 1246 735 1286 protulit,
900 1248 957 1287 Qui
984 1246 1143 1279 stabilivit
1167 1245 1319 1278 famulum

213 1295 264 1328 Ex
288 1295 461 1327 temulento
487 1294 639 1328 sobrium.
899 1294 997 1326 Suum
1021 1294 1069 1326 sic
1093 1292 1304 1327 Bonifacium.

523 1363 552 1394 7.
578 1361 720 1394 Laudem
747 1364 895 1394 canentes
920 1360 1055 1393 Domino

581 1409 670 1441 Patri
695 1418 820 1449 semper
845 1411 878 1441 et,
900 1407 977 1448 filio,

581 1456 697 1489 Sancto
724 1465 848 1497 quoque
871 1456 998 1497 spiritui

578 1506 616 1538 In
640 1505 838 1537 saeculorum
861 1504 998 1536 saecula.

234 1581 318 1608 Brev.
341 1588 394 1608 ms.
415 1580 445 1608 S.
464 1579 595 1617 Sophiae
611 1580 809 1609 Beneventan.
831 1588 906 1608 saec.
930 1577 974 1607 11.
1016 1578 1084 1607 eod.
1106 1578 1238 1606 vatican.
1259 1575 1344 1606 49:28.

606 1692 650 1723 97.
679 1691 714 1723 In
736 1690 838 1723 sancti
857 1690 1023 1723 Bonifacii.

684 1760 733 1790 Ad
752 1760 944 1791 Nocturnum.

495 1831 528 1864 1.
554 1831 667 1870 Adest,
695 1839 742 1870 en,
769 1830 864 1862 turba
887 1830 998 1870 populi
1023 1830 1127 1863 fidelis

554 1878 710 1918 Martyris
733 1879 835 1910 sancti
860 1876 1019 1910 Bonifacii
1043 1878 1154 1909 laudes

555 1925 692 1958 Vocibus
718 1926 818 1958 sacris
841 1925 981 1965 jubilans
1007 1933 1164 1965 perennes

603 1973 711 2013 Atque
732 1973 921 2013 triumphos.

496 2042 531 2075 2.
556 2040 673 2074 Inclite
695 2042 819 2080 martyr
843 2039 994 2080 Bonifati‚
1021 2041 1131 2072 nostra

556 2089 696 2128 Respice
720 2090 797 2121 vota
820 2087 926 2128 polica
952 2088 992 2120 de
1016 2088 1103 2129 sede,

554 2136 687 2178 Angelis
713 2146 776 2177 qua
799 2144 832 2168 es
857 2135 996 2169 sociatus
1017 2138 1113 2176 atque

604 2185 735 2219 Civibus
759 2184 862 2217 almis.

493 2255 525 2287 3.
553 2254 657 2287 Tanta
682 2253 736 2294 qui
761 2251 848 2285 ferre
872 2250 1002 2284 Domini
1024 2260 1133 2284 amore

553 2303 665 2335 Mente
690 2301 807 2334 devota
830 2299 974 2333 meruisti
999 2302 1094 2340 atque

552 2349 713 2391 Sanguine
738 2347 809 2382 fuso
834 2348 979 2381 meruisti
1006 2348 1121 2380 celsam

602 2397 765 2432 Scandere
786 2397 906 2437 sedem,
