1651 2621
716 142 972 176 *QZ—-

581 242 611 273 5.
638 239 706 271 Deo
729 238 815 278 patri
839 240 874 268 et
894 236 961 269 filio

640 286 690 319 Sit
712 286 883 324 gratiarum
907 285 988 316 actio

634 334 680 366 Et
701 331 821 364 flamini
843 332 996 372 paraclito

635 382 679 413 Et
702 389 785 412 nunc
810 382 842 411 et
864 380 933 411 sine
957 378 1100 411 termino.

268 465 353 492 Brev.
378 474 431 492 ms.
458 465 686 493 Humiliatorum
713 473 787 492 saec.
816 462 859 491 15.
900 462 967 491 Cod.
993 463 1176 489 Ambrosiam.
1201 461 1217 488 1
1244 458 1298 487 197
1324 460 1375 488 inf.
1397 459 1433 486 A.
1453 472 1492 478 —

193 503 277 530 BreV.
299 511 351 529 ms.
372 503 600 530 Humiliatorum
624 511 699 530 saec.
729 502 773 532 15.

192 544 279 568 vacat
297 541 457 568 ministerio
478 541 539 567 AB.

814 502 881 529 Cod.
899 501 1082 528 Ambrosian.
1105 499 1135 527 H
1155 497 1209 527 267
1230 498 1282 525 inf.
1301 499 1336 526 B.
1355 513 1392 518 —
1412 496 1446 531 4,
1474 494 1491 523 1

629 660 695 691 358.
727 660 770 692 De
789 661 895 691 sancto
913 658 1045 690 Nicolao.

743 736 791 765 Ad
809 735 936 765 Laudes.

194 806 224 839 1.
250 806 391 847 Festum,
416 805 531 837 fratres
555 806 718 845 carissimi,

249 852 376 884 Nicolai
399 853 588 884 sanctissimi

249 899 426 931 Reductum
451 900 525 930 anni
550 900 666 931 circulo

247 946 495 985 Frequentemus
521 946 679 986 obsequio.

191 1004 222 1035 2.
250 1002 308 1034 Cui
333 1006 381 1034 est
404 1003 443 1034 ab
467 1001 602 1034 infantia

249 1050 405 1082 Concessa
431 1049 555 1081 Christo
582 1049 695 1089 gratia,

247 1096 293 1128 Ut
315 1096 420 1128 infans
444 1096 540 1127 semel
563 1096 597 1127 in
623 1096 675 1127 die

247 1142 389 1175 Mamma
410 1146 554 1175 materna
578 1143 712 1176 biberet.

191 1200 222 1231 3.
247 1199 333 1231 Mira
357 1200 418 1231 Dei
443 1200 608 1231 clementia

248 1246 294 1277 Et
316 1247 473 1286 stupenda
497 1246 648 1285 potentia.

250 1293 307 1326 Cui
331 1295 396 1325 tam
418 1294 516 1324 breve
539 1293 767 1332 corpusculum,

246 1340 329 1371 Fide
352 1340 484 1379 replesti
507 1340 663 1379 spiritum.

189 1398 221 1429 4.
247 1399 345 1428 Aetas
368 1396 531 1427 crescebat
556 1395 707 1435 corporis,

248 1443 354 1474 Virtus
377 1443 519 1483 pollebat
542 1443 658 1482 operis,

246 1489 398 1522 Faciebat
421 1490 575 1529 prodigia,

247 1537 343 1576 Signa
366 1540 399 1568 et
420 1536 588 1568 mirabilia.

868 807 898 837 5.
925 805 1058 844 Quidam
1083 812 1215 843 pauper,
1241 803 1351 843 inopia

924 852 1026 883 Valde
1048 859 1186 893 pressus,
1213 852 1348 890 penuria

923 899 1078 931 Natarum
1102 902 1212 937 strupo
1238 898 1345 929 vivere

923 946 1117 978 Decreverat
1145 945 1258 976 illicite

889 1024 896 1031 .
923 1002 1013 1041 Quod
1037 1001 1187 1033 Nicolaus
1212 1000 1355 1040 audiens,

922 1050 1024 1081 Tanto
1049 1048 1195 1080 turbatus
1219 1048 1350 1088 scelere,

922 1096 968 1128 Ut
992 1099 1061 1126 erat
1085 1095 1355 1134 clementissimus,

924 1143 995 1174 Non
1019 1143 1154 1181 pertulit
1176 1143 1238 1174 hoc
1261 1142 1382 1174 vitium.

889 1224 896 1231 .
921 1199 1003 1232 Auri
1026 1199 1147 1231 talenta
1168 1199 1313 1238 pondera

920 1246 1068 1285 Largitor
1092 1245 1333 1284 probatissimus

921 1293 1063 1331 Projecit
1083 1292 1117 1324 111
1143 1294 1233 1324 (101110
1258 1293 1320 1325 wiri

920 1340 1121 1371 Auctoritate
1144 1340 1282 1371 termini.

889 1420 895 1426 .
921 1395 1035 1427 Nautis
1056 1395 1122 1433 jam
1146 1395 1362 1435 pereuntibus,

920 1442 1087 1474 Xicolaum
1113 1442 1306 1476 vocantibus,

921 1489 1014 1521 Mare
1037 1489 1196 1528 placatum
1223 1490 1342 1521 exstitit

922 1536 1050 1568 Virtute
1073 1537 1175 1568 sancti
1198 1537 1339 1576 spirituS.

582 1594 613 1625 9.
638 1592 688 1624 Sit
712 1592 837 1625 Christo
861 1592 966 1624 laudis
984 1592 1094 1631 gloria„

636 1639 726 1671 Patri
748 1642 919 1678 sanctoque
941 1638 1061 1670 flamini

637 1685 779 1718 Laudem
805 1695 950 1717 canamus
973 1686 1068 1717 liberi

636 1733 697 1764 Per
718 1733 842 1765 infinita
864 1734 1000 1766 saecula.

260 1818 344 1845 Erev.
364 1826 417 1844 ms.
436 1817 466 1844 S.
481 1816 584 1844 Clarae
597 1815 780 1851 Neapolitan.
802 1824 876 1843 saec.
899 1814 942 1843 14.
976 1814 1047 1843 Coti.
1062 1816 1234 1845 Casanaten.
1250 1818 1273 1844 B
1293 1819 1339 1846 m
1358 1818 1375 1845 5
1395 1817 1481 1854 (407).

185 1856 251 1883 add.
272 1863 346 1882 saec.
360 1854 404 1883 15.
420 1869 456 1873 —
479 1854 503 1883 1.
524 1852 541 1881 3
555 1854 678 1882 Redueti
698 1855 768 1881 anni
786 1853 935 1881 circulum.
956 1868 993 1872 —-
1014 1852 1039 1885 1,
1059 1852 1079 1881 4
1099 1856 1167 1883 obse
1188 1857 1278 1883 uium.
1296 1873 1336 1876 —
1355 1854 1382 1890 3,
1402 1855 1420 1884 2
1440 1866 1484 1893 sq.

186 1894 310 1921 Cnnstr.:
332 1892 404 1920 Fide
423 1893 542 1928 replesti
562 1893 696 1928 spiritum
722 1888 825 1928 [ejus],
850 1892 898 1918 cui
924 1895 986 1919 tam
1011 1893 1100 1919 breve
1125 1890 1183 1928 [est
1214 1896 1424 1929 corpusculum.
1445 1910 1485 1914 ——-

183 1931 210 1959 4.
227 1930 242 1958 1
261 1932 374 1958 Aestas.
394 1945 431 1950 —
449 1930 477 1962 4,
489 1929 510 1957 4
528 1930 639 1966 Signia.
653 1944 691 1947 —
710 1928 737 1961 5,
751 1928 769 1956 2
781 1930 922 1957 Natarum
936 1932 1035 1965 stupre
1047 1929 1155 1959 hibere.
1170 1946 1208 1950 —
1229 1930 1255 1962 5,
1270 1930 1290 1958 4
1302 1933 1432 1960 illicitus.
1448 1949 1485 1952 —

184 1971 217 2000 5,
244 1967 261 1995 2
280 1969 405 1997 turbato.
425 1983 463 1988 —
483 1968 515 2001 7,
543 1968 559 1996 1
577 1968 650 1995 Puri
669 1967 788 1994 talenta.
807 1982 842 1986 —
864 1964 896 2000 8,
918 1967 934 1995 1.
949 1968 1012 2002 jam
1031 1970 1210 2003 parentibus.
1231 1985 1267 1989 -—
1287 1968 1318 2004 9,
1338 1969 1356 1999 3
1376 1971 1484 1999 Jubem

184 2015 320 2034 canamus
323 2028 330 2034 .

620 2115 685 2147 359.
713 2116 756 2148 De
779 2116 885 2147 sancto
907 2115 1041 2148 Onofrio.

713 2193 763 2223 Ad
782 2193 937 2230 Vesperas.

184 2264 215 2295 1.
244 2262 362 2294 Contra
384 2262 493 2293 mundi
516 2261 685 2293 illecebras

239 2309 284 2341 Et
309 2309 493 2341 daemonum
513 2309 648 2341 insidias

240 2356 348 2388 Sancti
369 2366 505 2396 pugnam
529 2355 651 2390 Onofrii

240 2405 311 2436 Vox
333 2407 460 2445 promat
482 2408 587 2436 mente
610 2404 715 2437 hilari.

859 2263 891 2296 2.
916 2262 980 2294 Hic
1002 2263 1114 2294 mundi
1138 2273 1158 2295 a
1183 2265 1348 2298 cunabulis

916 2310 1121 2342 Renuntiavit
1143 2312 1280 2354 gaudiis,

915 2358 1005 2389 Nihil
1029 2360 1163 2391 mortale
1187 2360 1311 2403 ambiit,

913 2405 982 2437 Deo
1009 2408 1174 2439 contentus
1200 2409 1331 2441 exstitit.
