1651 2621
724 143 969 179 —178—

651 254 717 287 299.
747 255 790 285 De
811 254 918 285 sancto
938 254 1051 285 Marco.

750 331 799 360 Ad
817 330 945 360 Laudes.

440 399 471 432 1.
497 399 601 431 Marci
625 400 823 439 praeclarum
847 408 1028 432 resonemus
1053 400 1212 439 hymnum,

495 447 653 478 Praesulis
678 447 762 487 almi,
789 448 893 479 animo
920 447 1042 486 devoto,

496 493 554 531 Qui
579 493 667 525 nefas
692 495 789 525 saecli
814 502 964 533 respuens
989 493 1095 534 abegit

543 541 654 573 Cordis
680 541 718 572 ab
743 542 816 573 imo.

439 598 469 631 2.
496 597 616 637 Quique
642 598 822 637 complexus
846 596 974 629 Domini
997 600 1199 638 praeceptum

494 643 550 676 Sat
573 645 643 683 pius
667 653 775 676 servus
801 643 870 676 fore
895 644 971 681 vult,
998 644 1051 683 qui
1076 644 1169 675 heros

493 691 664 723 Possidens
688 694 796 722 tantae
821 690 1021 722 ministrabat
1043 689 1136 722 fessis

538 737 667 769 Moenia
688 738 818 770 Romae.

438 794 468 825 3.
495 793 592 831 Quem
621 794 681 825 sibi
708 794 851 826 Christus
872 801 941 824 esse
964 793 1058 824 nimis
1088 794 1215 833 dignum

492 840 634 872 Praesuli
658 843 766 872 sancto
791 841 873 872 scire
896 840 1072 872 Athanasio

490 886 588 917 Dedit
613 888 733 926 regenti
758 896 813 918 seu
837 887 971 926 patienti

537 933 615 964 Dira
641 934 811 972 Canopum.

432 990 464 1022 4.
492 989 639 1028 Corporis
665 999 787 1029 quoque
811 998 922 1022 eruens
947 999 966 1021 a
985 990 1089 1021 vinclo

488 1036 582 1067 Tiara
608 1040 763 1075 comptum
788 1036 912 1068 refovet
934 1036 967 1067 in
994 1037 1088 1068 choro

489 1082 671 1113 Praesulum
698 1092 798 1124 sacro,
825 1085 937 1122 regnat
960 1083 1015 1114 ubi
1039 1092 1165 1122 semper

536 1129 611 1161 Cum
638 1132 730 1168 patre
756 1129 909 1162 Christus.

431 1187 462 1218 5.
485 1185 581 1228 Ecce,
610 1194 693 1217 nunc
718 1190 848 1218 cunctus
875 1186 1015 1218 celebrat
1038 1189 1071 1217 te
1096 1187 1245 1227 mundus,

487 1232 641 1265 Credulus
665 1233 728 1264 tuis
752 1233 900 1272 precibus
921 1233 1037 1273 J'uvari,

484 1279 605 1311 Reddis
630 1282 774 1319 aegrotos
800 1280 945 1320 sospitati
968 1289 1116 1323 quosque,

534 1326 644 1357 Marce
668 1326 769 1361 beate.

432 1382 463 1415 6.
488 1382 602 1413 Annue
626 1383 687 1422 piis
712 1384 900 1423 populorum
926 1383 1018 1423 votis,

488 1428 613 1460 Nostris
636 1430 709 1469 quin
734 1431 838 1474 immo,
865 1428 1054 1462 famulamur
1078 1432 1178 1463 sacris

487 1476 616 1508 Ossibus
642 1477 740 1508 sacris
764 1476 948 1510 laetabundi
974 1478 1089 1518 quique

532 1522 634 1554 Nocte
660 1524 781 1563 dieque.

429 1579 460 1611 7.
485 1578 580 1618 Laus,
606 1579 715 1617 honor,
741 1581 842 1612 virtus
867 1580 960 1611 simul
985 1583 1080 1620 atque
1106 1582 1202 1614 decus

486 1624 535 1655 Sit
562 1626 648 1664 patri
673 1635 791 1658 summo
814 1626 943 1666 filioque
965 1628 1029 1670 pio,

490 1670 623 1710 Spiritui
647 1676 765 1712 sancto,
792 1674 876 1705 trino
901 1673 969 1705 Deo
994 1683 1056 1706 uno

537 1718 635 1750 Omne
658 1728 716 1758 per
739 1729 860 1755 aevum,

265 1800 349 1828 Brev.
369 1809 421 1829 ms.
441 1801 550 1829 Montis
571 1801 712 1830 Amiatini
732 1811 807 1831 saec.
831 1802 905 1830 1⁰¹11.
950 1803 1018 1832 God.
1040 1805 1212 1834 Gasanaten.
1234 1808 1258 1835 B
1278 1809 1309 1836 Η
1331 1806 1355 1835 1.

639 1931 706 1962 300.
737 1932 780 1963 De
800 1934 906 1965 sancto
927 1934 1038 1965 Marco.

190 2009 220 2041 1.
246 2009 376 2049 Plaude,
401 2009 496 2041 turba
518 2008 669 2051 fidelium,
867 2012 898 2045 3.
924 2012 1020 2045 Sacro
1048 2015 1181 2047 docente
1205 2015 1332 2050 flamine

250 2055 353 2087 Marci
376 2064 509 2096 poscens
534 2056 723 2099 suffragium,
925 2059 1002 2092 Cum
1025 2063 1191 2101 praeclaro
1217 2065 1388 2098 dictamine

249 2102 344 2142 Cujus
366 2105 533 2143 praestant
555 2105 707 2137 solemnia
924 2107 1106 2149 Descripsit
1130 2113 1336 2152 evangelium,

247 2149 379 2181 Beata
401 2150 523 2182 nobis
548 2152 712 2191 gaudia.
928 2155 1118 2200 Christe,
1144 2150 1394 2200 redemptor
1412 2171 1495 2195 om-

1263 2217 1285 2239 n
1294 2208 1306 2239 i
1314 2217 1335 2239 u
1343 2218 1385 2241 m.

193 2254 224 2286 2.
251 2253 315 2285 Sub
340 2253 465 2286 leonina
488 2263 524 2294 sp
529 2255 594 2286 ecie
869 2261 901 2291 4.
928 2259 1030 2291 Tuam
1055 2261 1191 2301 adeptus
1216 2266 1352 2304 gratiam

248 2300 343 2332 Illum
369 2301 512 2342 designat
531 2304 671 2344 proprie,
928 2307 1089 2340 Processit
1112 2310 1354 2355 Alexandriam,

247 2348 305 2387 Qui
330 2347 431 2380 fracto
457 2351 567 2382 mortis
593 2360 720 2384 carcere
922 2354 968 2387 Ut
991 2360 1180 2389 vocarentur
1204 2359 1322 2399 perfidi

245 2395 397 2428 Victor
420 2397 562 2437 surgit
579 2399 627 2430 de
643 2398 803 2435 funere.
923 2402 982 2434 Ad
1009 2412 1175 2437 coenam
1190 2409 1287 2448 agni
1302 2411 1492 2450 providi.
