<?xml version="1.0" encoding="UTF-8"?>
<!DOCTYPE html PUBLIC "-//W3C//DTD XHTML 1.0 Transitional//EN"
    "http://www.w3.org/TR/xhtml1/DTD/xhtml1-transitional.dtd">
<html xmlns="http://www.w3.org/1999/xhtml" xml:lang="en" lang="en">
 <head>
  <title>
</title>
<meta http-equiv="Content-Type" content="text/html;charset=utf-8" />
  <meta name='ocr-system' content='tesseract 3.04.00' />
  <meta name='ocr-capabilities' content='ocr_page ocr_carea ocr_par ocr_line ocrx_word'/>
</head>
<body>
  <div class='ocr_page' id='page_1' title='image "./analectahymnica22drevuoft_00012.png"; bbox 0 0 1651 2621; ppageno 0'>
   <div class='ocr_carea' id='block_1_1' title="bbox 635 788 1030 821">
    <p class='ocr_par' dir='ltr' id='par_1_1' title="bbox 635 788 1030 821">
     <span class='ocr_line' id='line_1_1' title="bbox 635 788 1030 821; baseline 0.003 -1"><span class='ocrx_word' id='word_1_1' title='bbox 635 788 657 820; x_wconf 89' lang='lat'>1.</span> <span class='ocrx_word' id='word_1_2' title='bbox 688 788 731 820; x_wconf 83' lang='lat' dir='ltr'>De</span> <span class='ocrx_word' id='word_1_3' title='bbox 751 790 858 821; x_wconf 79' lang='lat' dir='ltr'>saneto</span> <span class='ocrx_word' id='word_1_4' title='bbox 879 788 1030 821; x_wconf 76' lang='lat' dir='ltr'>Abnnflio.</span> 
     </span>
    </p>
   </div>
   <div class='ocr_carea' id='block_1_2' title="bbox 175 866 755 1052">
    <p class='ocr_par' dir='ltr' id='par_1_2' title="bbox 175 866 755 1052">
     <span class='ocr_line' id='line_1_2' title="bbox 175 866 743 911; baseline 0.002 -12"><span class='ocrx_word' id='word_1_5' title='bbox 175 866 206 900; x_wconf 85' lang='lat'>1.</span> <span class='ocrx_word' id='word_1_6' title='bbox 234 866 386 899; x_wconf 86' lang='lat' dir='ltr'>Sublator</span> <span class='ocrx_word' id='word_1_7' title='bbox 412 867 538 899; x_wconf 82' lang='lat' dir='ltr'><strong>Christe</strong></span> <span class='ocrx_word' id='word_1_8' title='bbox 563 867 743 911; x_wconf 86' lang='lat' dir='ltr'>criminum,</span> 
     </span>
     <span class='ocr_line' id='line_1_3' title="bbox 231 914 718 956; baseline 0.002 -10"><span class='ocrx_word' id='word_1_9' title='bbox 231 914 344 946; x_wconf 86' lang='lat' dir='ltr'>Robur</span> <span class='ocrx_word' id='word_1_10' title='bbox 370 917 402 946; x_wconf 90' lang='lat' dir='ltr'>et</span> <span class='ocrx_word' id='word_1_11' title='bbox 426 923 499 955; x_wconf 84' lang='lat' dir='ltr'>spes</span> <span class='ocrx_word' id='word_1_12' title='bbox 526 914 718 956; x_wconf 76' lang='lat' dir='ltr'>pontificum,</span> 
     </span>
     <span class='ocr_line' id='line_1_4' title="bbox 232 961 755 1003; baseline 0.002 -9"><span class='ocrx_word' id='word_1_13' title='bbox 232 961 304 994; x_wconf 88' lang='lat' dir='ltr'>Hoc</span> <span class='ocrx_word' id='word_1_14' title='bbox 328 962 431 994; x_wconf 85' lang='lat' dir='ltr'>sancti</span> <span class='ocrx_word' id='word_1_15' title='bbox 456 962 573 1003; x_wconf 86' lang='lat' dir='ltr'><strong>hymno</strong></span> <span class='ocrx_word' id='word_1_16' title='bbox 598 964 755 1003; x_wconf 81' lang='lat' dir='ltr'>praesulis</span> 
     </span>
     <span class='ocr_line' id='line_1_5' title="bbox 232 1009 753 1052; baseline 0.006 -11"><span class='ocrx_word' id='word_1_17' title='bbox 232 1009 391 1049; x_wconf 86' lang='lat' dir='ltr'>Subjectis</span> <span class='ocrx_word' id='word_1_18' title='bbox 417 1018 523 1052; x_wconf 86' lang='lat' dir='ltr'>parce,</span> <span class='ocrx_word' id='word_1_19' title='bbox 556 1018 753 1049; x_wconf 86' lang='lat' dir='ltr'>quaesumus.</span> 
     </span>
    </p>
   </div>
   <div class='ocr_carea' id='block_1_3' title="bbox 170 1084 709 1268">
    <p class='ocr_par' dir='ltr' id='par_1_3' title="bbox 170 1084 709 1268">
     <span class='ocr_line' id='line_1_6' title="bbox 170 1084 696 1127; baseline 0.004 -11"><span class='ocrx_word' id='word_1_20' title='bbox 170 1085 203 1117; x_wconf 85' lang='lat'>2.</span> <span class='ocrx_word' id='word_1_21' title='bbox 230 1084 352 1126; x_wconf 77' lang='lat' dir='ltr'>Magna</span> <span class='ocrx_word' id='word_1_22' title='bbox 377 1085 568 1126; x_wconf 85' lang='lat' dir='ltr'>quidemque</span> <span class='ocrx_word' id='word_1_23' title='bbox 592 1087 696 1127; x_wconf 81' lang='lat' dir='ltr'>gratia</span> 
     </span>
     <span class='ocr_line' id='line_1_7' title="bbox 230 1133 709 1174; baseline 0 -9"><span class='ocrx_word' id='word_1_24' title='bbox 230 1133 337 1165; x_wconf 83' lang='lat' dir='ltr'>Intrat</span> <span class='ocrx_word' id='word_1_25' title='bbox 362 1133 535 1166; x_wconf 79' lang='lat' dir='ltr'>Cumanam</span> <span class='ocrx_word' id='word_1_26' title='bbox 559 1135 709 1174; x_wconf 85' lang='lat' dir='ltr'>patriam,</span> 
     </span>
     <span class='ocr_line' id='line_1_8' title="bbox 231 1179 647 1219; baseline 0.005 -8"><span class='ocrx_word' id='word_1_27' title='bbox 231 1179 328 1219; x_wconf 78' lang='lat' dir='ltr'>Cujus</span> <span class='ocrx_word' id='word_1_28' title='bbox 353 1179 465 1213; x_wconf 85' lang='lat' dir='ltr'>beatus</span> <span class='ocrx_word' id='word_1_29' title='bbox 489 1181 647 1214; x_wconf 78' lang='lat' dir='ltr'>Provinus</span> 
     </span>
     <span class='ocr_line' id='line_1_9' title="bbox 230 1227 678 1268; baseline 0.002 -8"><span class='ocrx_word' id='word_1_30' title='bbox 230 1227 377 1268; x_wconf 81' lang='lat' dir='ltr'>Regebat</span> <span class='ocrx_word' id='word_1_31' title='bbox 400 1231 477 1260; x_wconf 83' lang='lat' dir='ltr'>tunc</span> <span class='ocrx_word' id='word_1_32' title='bbox 501 1228 678 1261; x_wconf 80' lang='lat' dir='ltr'>ecclesiam.</span> 
     </span>
    </p>
   </div>
   <div class='ocr_carea' id='block_1_4' title="bbox 170 1303 690 1487">
    <p class='ocr_par' dir='ltr' id='par_1_4' title="bbox 170 1303 690 1487">
     <span class='ocr_line' id='line_1_10' title="bbox 170 1303 619 1344; baseline -0.004 -7"><span class='ocrx_word' id='word_1_33' title='bbox 170 1305 202 1337; x_wconf 83' lang='lat'>3.</span> <span class='ocrx_word' id='word_1_34' title='bbox 229 1303 296 1335; x_wconf 87' lang='lat' dir='ltr'>Iste</span> <span class='ocrx_word' id='word_1_35' title='bbox 320 1304 454 1336; x_wconf 87' lang='lat' dir='ltr'>antistes</span> <span class='ocrx_word' id='word_1_36' title='bbox 479 1304 619 1344; x_wconf 85' lang='lat' dir='ltr'>inclitus,</span> 
     </span>
     <span class='ocr_line' id='line_1_11' title="bbox 226 1350 629 1389; baseline 0.002 -7"><span class='ocrx_word' id='word_1_37' title='bbox 226 1350 397 1383; x_wconf 83' lang='lat' dir='ltr'>Abundius</span> <span class='ocrx_word' id='word_1_38' title='bbox 425 1352 629 1389; x_wconf 82' lang='lat' dir='ltr'>clarissimus,</span> 
     </span>
     <span class='ocr_line' id='line_1_12' title="bbox 228 1398 673 1440; baseline 0 -10"><span class='ocrx_word' id='word_1_39' title='bbox 228 1398 522 1431; x_wconf 81' lang='lat' dir='ltr'>Thessalonicensis</span> <span class='ocrx_word' id='word_1_40' title='bbox 548 1407 673 1440; x_wconf 86' lang='lat' dir='ltr'>genere,</span> 
     </span>
     <span class='ocr_line' id='line_1_13' title="bbox 232 1445 690 1487; baseline 0.007 -10"><span class='ocrx_word' id='word_1_41' title='bbox 232 1445 346 1478; x_wconf 81' lang='lat' dir='ltr'>Cumas</span> <span class='ocrx_word' id='word_1_42' title='bbox 372 1447 506 1478; x_wconf 87' lang='lat' dir='ltr'>munivit</span> <span class='ocrx_word' id='word_1_43' title='bbox 534 1447 690 1487; x_wconf 83' lang='lat' dir='ltr'>dogmate.</span> 
     </span>
    </p>
   </div>
   <div class='ocr_carea' id='block_1_5' title="bbox 166 1522 748 1698">
    <p class='ocr_par' dir='ltr' id='par_1_5' title="bbox 166 1522 748 1698">
     <span class='ocr_line' id='line_1_14' title="bbox 166 1522 613 1562; baseline 0.002 -8"><span class='ocrx_word' id='word_1_44' title='bbox 166 1524 199 1556; x_wconf 84' lang='lat'>4.</span> <span class='ocrx_word' id='word_1_45' title='bbox 227 1522 352 1554; x_wconf 87' lang='lat' dir='ltr'>Potitus</span> <span class='ocrx_word' id='word_1_46' title='bbox 377 1522 412 1554; x_wconf 86' lang='lat' dir='ltr'>in</span> <span class='ocrx_word' id='word_1_47' title='bbox 437 1522 613 1562; x_wconf 79' lang='lat' dir='ltr'>primordio</span> 
     </span>
     <span class='ocr_line' id='line_1_15' title="bbox 225 1569 611 1610; baseline 0 -8"><span class='ocrx_word' id='word_1_48' title='bbox 225 1570 287 1602; x_wconf 87' lang='lat' dir='ltr'>Est</span> <span class='ocrx_word' id='word_1_49' title='bbox 314 1569 411 1603; x_wconf 82' lang='lat' dir='ltr'><strong>Felix</strong></span> <span class='ocrx_word' id='word_1_50' title='bbox 435 1569 611 1610; x_wconf 83' lang='lat' dir='ltr'>pontificio,</span> 
     </span>
     <span class='ocr_line' id='line_1_16' title="bbox 226 1617 748 1658; baseline 0.002 -9"><span class='ocrx_word' id='word_1_51' title='bbox 226 1617 304 1650; x_wconf 88' lang='lat' dir='ltr'>Post</span> <span class='ocrx_word' id='word_1_52' title='bbox 323 1626 416 1658; x_wconf 87' lang='lat' dir='ltr'>quem</span> <span class='ocrx_word' id='word_1_53' title='bbox 442 1619 600 1650; x_wconf 84' lang='lat' dir='ltr'>secundus</span> <span class='ocrx_word' id='word_1_54' title='bbox 625 1618 748 1650; x_wconf 89' lang='lat' dir='ltr'>actibus</span> 
     </span>
     <span class='ocr_line' id='line_1_17' title="bbox 228 1665 698 1698; baseline 0 -1"><span class='ocrx_word' id='word_1_55' title='bbox 228 1665 364 1698; x_wconf 84' lang='lat' dir='ltr'>Sanctus</span> <span class='ocrx_word' id='word_1_56' title='bbox 391 1665 547 1698; x_wconf 86' lang='lat' dir='ltr'>Provinus</span> <span class='ocrx_word' id='word_1_57' title='bbox 574 1665 698 1698; x_wconf 85' lang='lat' dir='ltr'>claruit.</span> 
     </span>
    </p>
   </div>
   <div class='ocr_carea' id='block_1_6' title="bbox 189 1741 691 1918">
    <p class='ocr_par' dir='ltr' id='par_1_6' title="bbox 189 1741 691 1918">
     <span class='ocr_line' id='line_1_18' title="bbox 189 1741 625 1775; baseline -0.002 -1"><span class='ocrx_word' id='word_1_58' title='bbox 189 1766 197 1774; x_wconf 93' lang='lat'><strong>.</strong></span> <span class='ocrx_word' id='word_1_59' title='bbox 226 1741 284 1775; x_wconf 85' lang='lat' dir='ltr'>Cui</span> <span class='ocrx_word' id='word_1_60' title='bbox 312 1741 487 1774; x_wconf 82' lang='lat' dir='ltr'>succedens</span> <span class='ocrx_word' id='word_1_61' title='bbox 515 1742 625 1774; x_wconf 85' lang='lat' dir='ltr'>tertius</span> 
     </span>
     <span class='ocr_line' id='line_1_19' title="bbox 224 1790 691 1833; baseline 0.004 -12"><span class='ocrx_word' id='word_1_62' title='bbox 224 1790 359 1822; x_wconf 80' lang='lat' dir='ltr'>Praesul</span> <span class='ocrx_word' id='word_1_63' title='bbox 385 1790 488 1823; x_wconf 83' lang='lat' dir='ltr'>almus</span> <span class='ocrx_word' id='word_1_64' title='bbox 512 1790 691 1833; x_wconf 75' lang='lat' dir='ltr'>Amantius,</span> 
     </span>
     <span class='ocr_line' id='line_1_20' title="bbox 223 1836 616 1878; baseline 0 -9"><span class='ocrx_word' id='word_1_65' title='bbox 223 1836 407 1875; x_wconf 76' lang='lat' dir='ltr'>Benivoius,</span> <span class='ocrx_word' id='word_1_66' title='bbox 433 1841 471 1869; x_wconf 89' lang='lat' dir='ltr'>ut</span> <span class='ocrx_word' id='word_1_67' title='bbox 497 1837 616 1878; x_wconf 85' lang='lat' dir='ltr'>debuit,</span> 
     </span>
     <span class='ocr_line' id='line_1_21' title="bbox 223 1885 640 1918; baseline -0.005 0"><span class='ocrx_word' id='word_1_68' title='bbox 223 1885 366 1918; x_wconf 80' lang='lat' dir='ltr'>Pastoris</span> <span class='ocrx_word' id='word_1_69' title='bbox 393 1885 503 1916; x_wconf 80' lang='lat' dir='ltr'>sedem</span> <span class='ocrx_word' id='word_1_70' title='bbox 528 1886 640 1917; x_wconf 85' lang='lat' dir='ltr'>tenuit.</span> 
     </span>
    </p>
   </div>
   <div class='ocr_carea' id='block_1_7' title="bbox 165 1743 183 1776">
    <p class='ocr_par' dir='ltr' id='par_1_7' title="bbox 165 1743 183 1776">
     <span class='ocr_line' id='line_1_22' title="bbox 165 1743 183 1776; textangle 90"><span class='ocrx_word' id='word_1_71' title='bbox 165 1743 183 1776; x_wconf 55' lang='lat'>&lt;55</span> 
     </span>
    </p>
   </div>
   <div class='ocr_carea' id='block_1_8' title="bbox 164 1960 732 2145">
    <p class='ocr_par' dir='ltr' id='par_1_8' title="bbox 164 1960 732 2145">
     <span class='ocr_line' id='line_1_23' title="bbox 164 1960 660 2002; baseline -0.008 -6"><span class='ocrx_word' id='word_1_72' title='bbox 164 1964 195 1996; x_wconf 88' lang='lat'>6.</span> <span class='ocrx_word' id='word_1_73' title='bbox 225 1962 363 1995; x_wconf 88' lang='lat' dir='ltr'>Vivendi</span> <span class='ocrx_word' id='word_1_74' title='bbox 388 1960 442 2002; x_wconf 85' lang='lat' dir='ltr'>qui</span> <span class='ocrx_word' id='word_1_75' title='bbox 466 1962 499 1993; x_wconf 90' lang='lat' dir='ltr'>in</span> <span class='ocrx_word' id='word_1_76' title='bbox 525 1962 660 1993; x_wconf 87' lang='lat' dir='ltr'>termino</span> 
     </span>
     <span class='ocr_line' id='line_1_24' title="bbox 221 2009 636 2051; baseline -0.007 -8"><span class='ocrx_word' id='word_1_77' title='bbox 221 2011 370 2051; x_wconf 82' lang='lat' dir='ltr'>1ngresso</span> <span class='ocrx_word' id='word_1_78' title='bbox 392 2010 459 2049; x_wconf 82' lang='lat' dir='ltr'>jam</span> <span class='ocrx_word' id='word_1_79' title='bbox 484 2009 636 2041; x_wconf 88' lang='lat' dir='ltr'>Abundio</span> 
     </span>
     <span class='ocr_line' id='line_1_25' title="bbox 223 2056 732 2098; baseline -0.004 -8"><span class='ocrx_word' id='word_1_80' title='bbox 223 2057 362 2098; x_wconf 82' lang='lat' dir='ltr'>Gregum</span> <span class='ocrx_word' id='word_1_81' title='bbox 389 2057 559 2090; x_wconf 71' lang='lat' dir='ltr'>committit</span> <span class='ocrx_word' id='word_1_82' title='bbox 581 2056 732 2098; x_wconf 82' lang='lat' dir='ltr'>regimen,</span> 
     </span>
     <span class='ocr_line' id='line_1_26' title="bbox 223 2103 701 2145; baseline 0 -7"><span class='ocrx_word' id='word_1_83' title='bbox 223 2105 335 2138; x_wconf 84' lang='lat' dir='ltr'>Hostis</span> <span class='ocrx_word' id='word_1_84' title='bbox 359 2114 401 2138; x_wconf 90' lang='lat' dir='ltr'>ne</span> <span class='ocrx_word' id='word_1_85' title='bbox 426 2103 517 2138; x_wconf 86' lang='lat' dir='ltr'>furor</span> <span class='ocrx_word' id='word_1_86' title='bbox 540 2105 701 2145; x_wconf 83' lang='lat' dir='ltr'>perderet.</span> 
     </span>
    </p>
   </div>
   <div class='ocr_carea' id='block_1_9' title="bbox 876 869 1463 1051">
    <p class='ocr_par' dir='ltr' id='par_1_9' title="bbox 876 869 1463 1051">
     <span class='ocr_line' id='line_1_27' title="bbox 876 869 1365 909; baseline -0.002 -7"><span class='ocrx_word' id='word_1_87' title='bbox 876 871 906 902; x_wconf 88' lang='lat'>7.</span> <span class='ocrx_word' id='word_1_88' title='bbox 933 869 1074 902; x_wconf 86' lang='lat' dir='ltr'>Effectus</span> <span class='ocrx_word' id='word_1_89' title='bbox 1099 878 1171 901; x_wconf 80' lang='lat' dir='ltr'>nam</span> <span class='ocrx_word' id='word_1_90' title='bbox 1198 870 1365 909; x_wconf 80' lang='lat' dir='ltr'>episcopus</span> 
     </span>
     <span class='ocr_line' id='line_1_28' title="bbox 931 916 1401 959; baseline 0.002 -11"><span class='ocrx_word' id='word_1_91' title='bbox 931 916 1034 956; x_wconf 79' lang='lat' dir='ltr'>Mitis,</span> <span class='ocrx_word' id='word_1_92' title='bbox 1061 917 1196 948; x_wconf 85' lang='lat' dir='ltr'>clemens</span> <span class='ocrx_word' id='word_1_93' title='bbox 1221 917 1401 959; x_wconf 83' lang='lat' dir='ltr'>Abundius‚</span> 
     </span>
     <span class='ocr_line' id='line_1_29' title="bbox 934 962 1463 1003; baseline 0 -7"><span class='ocrx_word' id='word_1_94' title='bbox 934 962 1068 1003; x_wconf 82' lang='lat' dir='ltr'>Gregem</span> <span class='ocrx_word' id='word_1_95' title='bbox 1099 964 1297 996; x_wconf 87' lang='lat' dir='ltr'>commissum</span> <span class='ocrx_word' id='word_1_96' title='bbox 1322 964 1463 996; x_wconf 89' lang='lat' dir='ltr'>trucibus</span> 
     </span>
     <span class='ocr_line' id='line_1_30' title="bbox 932 1011 1387 1051; baseline 0 -8"><span class='ocrx_word' id='word_1_97' title='bbox 932 1011 1094 1051; x_wconf 83' lang='lat' dir='ltr'>Luporum</span> <span class='ocrx_word' id='word_1_98' title='bbox 1121 1012 1209 1043; x_wconf 88' lang='lat' dir='ltr'>vellit</span> <span class='ocrx_word' id='word_1_99' title='bbox 1233 1011 1387 1044; x_wconf 75' lang='lat' dir='ltr'>faucibus.</span> 
     </span>
    </p>
   </div>
   <div class='ocr_carea' id='block_1_10' title="bbox 873 1087 1486 1263">
    <p class='ocr_par' dir='ltr' id='par_1_10' title="bbox 873 1087 1486 1263">
     <span class='ocr_line' id='line_1_31' title="bbox 873 1087 1486 1128; baseline -0.003 -7"><span class='ocrx_word' id='word_1_100' title='bbox 873 1088 904 1121; x_wconf 84' lang='lat'>8.</span> <span class='ocrx_word' id='word_1_101' title='bbox 932 1087 1119 1119; x_wconf 82' lang='lat' dir='ltr'>Doctrinam</span> <span class='ocrx_word' id='word_1_102' title='bbox 1151 1087 1270 1120; x_wconf 78' lang='lat' dir='ltr'>Christi</span> <span class='ocrx_word' id='word_1_103' title='bbox 1295 1088 1486 1128; x_wconf 84' lang='lat' dir='ltr'>praedicans</span> 
     </span>
     <span class='ocr_line' id='line_1_32' title="bbox 932 1135 1342 1175; baseline 0 -8"><span class='ocrx_word' id='word_1_104' title='bbox 932 1135 1173 1175; x_wconf 80' lang='lat' dir='ltr'>Potentiamque</span> <span class='ocrx_word' id='word_1_105' title='bbox 1196 1144 1342 1168; x_wconf 78' lang='lat' dir='ltr'>reserans</span> 
     </span>
     <span class='ocr_line' id='line_1_33' title="bbox 932 1182 1402 1223; baseline 0.002 -10"><span class='ocrx_word' id='word_1_106' title='bbox 932 1182 982 1213; x_wconf 81' lang='lat' dir='ltr'>Ad</span> <span class='ocrx_word' id='word_1_107' title='bbox 1008 1182 1112 1214; x_wconf 84' lang='lat' dir='ltr'>lucem</span> <span class='ocrx_word' id='word_1_108' title='bbox 1136 1184 1221 1223; x_wconf 78' lang='lat' dir='ltr'>regis</span> <span class='ocrx_word' id='word_1_109' title='bbox 1245 1185 1402 1215; x_wconf 83' lang='lat' dir='ltr'>mortuum</span> 
     </span>
     <span class='ocr_line' id='line_1_34' title="bbox 930 1229 1279 1263; baseline 0.006 -3"><span class='ocrx_word' id='word_1_110' title='bbox 930 1229 1146 1262; x_wconf 79' lang='lat' dir='ltr'>Resuscitavit</span> <span class='ocrx_word' id='word_1_111' title='bbox 1168 1229 1279 1263; x_wconf 82' lang='lat' dir='ltr'>filium.</span> 
     </span>
    </p>
   </div>
   <div class='ocr_carea' id='block_1_11' title="bbox 871 1304 1383 1486">
    <p class='ocr_par' dir='ltr' id='par_1_11' title="bbox 871 1304 1383 1486">
     <span class='ocr_line' id='line_1_35' title="bbox 871 1304 1314 1337; baseline 0 0"><span class='ocrx_word' id='word_1_112' title='bbox 871 1305 901 1337; x_wconf 82' lang='lat'>9.</span> <span class='ocrx_word' id='word_1_113' title='bbox 930 1304 988 1337; x_wconf 88' lang='lat' dir='ltr'>His</span> <span class='ocrx_word' id='word_1_114' title='bbox 1013 1304 1060 1337; x_wconf 85' lang='lat' dir='ltr'>ita</span> <span class='ocrx_word' id='word_1_115' title='bbox 1085 1306 1167 1337; x_wconf 79' lang='lat' dir='ltr'>curis</span> <span class='ocrx_word' id='word_1_116' title='bbox 1188 1305 1314 1337; x_wconf 89' lang='lat' dir='ltr'>deditus</span> 
     </span>
     <span class='ocr_line' id='line_1_36' title="bbox 929 1351 1314 1396; baseline -0.003 -11"><span class='ocrx_word' id='word_1_117' title='bbox 929 1351 1053 1392; x_wconf 83' lang='lat' dir='ltr'>Spiritu</span> <span class='ocrx_word' id='word_1_118' title='bbox 1077 1353 1160 1391; x_wconf 88' lang='lat' dir='ltr'>sapit</span> <span class='ocrx_word' id='word_1_119' title='bbox 1187 1353 1314 1396; x_wconf 75' lang='lat' dir='ltr'>exitum,</span> 
     </span>
     <span class='ocr_line' id='line_1_37' title="bbox 931 1399 1383 1441; baseline 0.002 -10"><span class='ocrx_word' id='word_1_120' title='bbox 931 1399 1016 1431; x_wconf 87' lang='lat' dir='ltr'>Coeli</span> <span class='ocrx_word' id='word_1_121' title='bbox 1042 1403 1225 1439; x_wconf 87' lang='lat' dir='ltr'>sumpturus</span> <span class='ocrx_word' id='word_1_122' title='bbox 1250 1400 1383 1441; x_wconf 83' lang='lat' dir='ltr'>gloriam</span> 
     </span>
     <span class='ocr_line' id='line_1_38' title="bbox 929 1446 1356 1486; baseline 0.005 -8"><span class='ocrx_word' id='word_1_123' title='bbox 929 1446 1000 1478; x_wconf 84' lang='lat' dir='ltr'>Suis</span> <span class='ocrx_word' id='word_1_124' title='bbox 1025 1451 1120 1486; x_wconf 85' lang='lat' dir='ltr'>parat</span> <span class='ocrx_word' id='word_1_125' title='bbox 1145 1448 1356 1481; x_wconf 85' lang='lat' dir='ltr'>concordiam.</span> 
     </span>
    </p>
   </div>
   <div class='ocr_carea' id='block_1_12' title="bbox 859 1522 1423 1708">
    <p class='ocr_par' dir='ltr' id='par_1_12' title="bbox 859 1522 1423 1708">
     <span class='ocr_line' id='line_1_39' title="bbox 859 1522 1423 1565; baseline 0 -10"><span class='ocrx_word' id='word_1_126' title='bbox 859 1522 912 1555; x_wconf 79' lang='lat'>10.</span> <span class='ocrx_word' id='word_1_127' title='bbox 928 1522 965 1554; x_wconf 88' lang='lat' dir='ltr'>In</span> <span class='ocrx_word' id='word_1_128' title='bbox 990 1522 1132 1555; x_wconf 83' lang='lat' dir='ltr'>Paschae</span> <span class='ocrx_word' id='word_1_129' title='bbox 1155 1524 1273 1564; x_wconf 78' lang='lat' dir='ltr'>quippe</span> <span class='ocrx_word' id='word_1_130' title='bbox 1298 1524 1423 1565; x_wconf 78' lang='lat' dir='ltr'>gaudiis</span> 
     </span>
     <span class='ocr_line' id='line_1_40' title="bbox 928 1570 1342 1612; baseline 0 -9"><span class='ocrx_word' id='word_1_131' title='bbox 928 1570 1020 1603; x_wconf 85' lang='lat' dir='ltr'>Cives</span> <span class='ocrx_word' id='word_1_132' title='bbox 1047 1571 1195 1603; x_wconf 86' lang='lat' dir='ltr'>convivas</span> <span class='ocrx_word' id='word_1_133' title='bbox 1220 1571 1342 1612; x_wconf 84' lang='lat' dir='ltr'>habuit,</span> 
     </span>
     <span class='ocr_line' id='line_1_41' title="bbox 927 1616 1328 1660; baseline 0.005 -11"><span class='ocrx_word' id='word_1_134' title='bbox 927 1617 1045 1656; x_wconf 75' lang='lat' dir='ltr'>Quibus</span> <span class='ocrx_word' id='word_1_135' title='bbox 1071 1616 1200 1650; x_wconf 87' lang='lat' dir='ltr'>refectis</span> <span class='ocrx_word' id='word_1_136' title='bbox 1227 1620 1328 1660; x_wconf 87' lang='lat' dir='ltr'>epulis</span> 
     </span>
     <span class='ocr_line' id='line_1_42' title="bbox 928 1664 1399 1708; baseline 0.004 -11"><span class='ocrx_word' id='word_1_137' title='bbox 928 1664 1078 1698; x_wconf 80' lang='lat' dir='ltr'>Gestatur</span> <span class='ocrx_word' id='word_1_138' title='bbox 1102 1666 1178 1698; x_wconf 87' lang='lat' dir='ltr'>hinc</span> <span class='ocrx_word' id='word_1_139' title='bbox 1203 1666 1242 1698; x_wconf 86' lang='lat' dir='ltr'>ab</span> <span class='ocrx_word' id='word_1_140' title='bbox 1268 1666 1399 1708; x_wconf 70' lang='lat' dir='ltr'>angelis.</span> 
     </span>
    </p>
   </div>
   <div class='ocr_carea' id='block_1_13' title="bbox 855 1741 1386 1924">
    <p class='ocr_par' dir='ltr' id='par_1_13' title="bbox 855 1741 1386 1924">
     <span class='ocr_line' id='line_1_43' title="bbox 855 1741 1327 1784; baseline 0 -9"><span class='ocrx_word' id='word_1_141' title='bbox 855 1741 1027 1780; x_wconf 55' lang='lat' dir='ltr'>:ttNobiS</span> <span class='ocrx_word' id='word_1_142' title='bbox 1053 1745 1096 1784; x_wconf 83' lang='lat' dir='ltr'>tu,</span> <span class='ocrx_word' id='word_1_143' title='bbox 1123 1747 1226 1781; x_wconf 78' lang='lat' dir='ltr'>pater,</span> <span class='ocrx_word' id='word_1_144' title='bbox 1254 1742 1327 1775; x_wconf 88' lang='lat' dir='ltr'>filiis</span> 
     </span>
     <span class='ocr_line' id='line_1_44' title="bbox 925 1787 1384 1830; baseline 0.007 -10"><span class='ocrx_word' id='word_1_145' title='bbox 925 1787 1035 1821; x_wconf 86' lang='lat' dir='ltr'>Plenis</span> <span class='ocrx_word' id='word_1_146' title='bbox 1060 1798 1211 1822; x_wconf 84' lang='lat' dir='ltr'>succurre</span> <span class='ocrx_word' id='word_1_147' title='bbox 1231 1790 1384 1830; x_wconf 81' lang='lat' dir='ltr'>criminis,</span> 
     </span>
     <span class='ocr_line' id='line_1_45' title="bbox 926 1838 1358 1877; baseline 0.002 -9"><span class='ocrx_word' id='word_1_148' title='bbox 926 1838 1178 1877; x_wconf 81' lang='lat' dir='ltr'>Aggredicntum</span> <span class='ocrx_word' id='word_1_149' title='bbox 1204 1839 1358 1870; x_wconf 86' lang='lat' dir='ltr'>tumulum</span> 
     </span>
     <span class='ocr_line' id='line_1_46' title="bbox 926 1883 1386 1924; baseline 0.004 -8"><span class='ocrx_word' id='word_1_150' title='bbox 926 1883 1098 1924; x_wconf 77' lang='lat' dir='ltr'>Culparum</span> <span class='ocrx_word' id='word_1_151' title='bbox 1123 1885 1194 1917; x_wconf 84' lang='lat' dir='ltr'>dele</span> <span class='ocrx_word' id='word_1_152' title='bbox 1220 1887 1386 1919; x_wconf 84' lang='lat' dir='ltr'>cumulum.</span> 
     </span>
    </p>
   </div>
   <div class='ocr_carea' id='block_1_14' title="bbox 856 1960 1482 2145">
    <p class='ocr_par' dir='ltr' id='par_1_14' title="bbox 856 1960 1482 2145">
     <span class='ocr_line' id='line_1_47' title="bbox 856 1960 1325 2001; baseline 0 -7"><span class='ocrx_word' id='word_1_153' title='bbox 856 1962 910 1994; x_wconf 84' lang='lat'>12.</span> <span class='ocrx_word' id='word_1_154' title='bbox 925 1961 972 1992; x_wconf 91' lang='lat' dir='ltr'>Te</span> <span class='ocrx_word' id='word_1_155' title='bbox 996 1960 1193 2001; x_wconf 79' lang='lat' dir='ltr'>gubernante</span> <span class='ocrx_word' id='word_1_156' title='bbox 1219 1963 1325 1994; x_wconf 82' lang='lat' dir='ltr'>valcat</span> 
     </span>
     <span class='ocr_line' id='line_1_48' title="bbox 922 2007 1293 2051; baseline 0.005 -11"><span class='ocrx_word' id='word_1_157' title='bbox 922 2008 990 2041; x_wconf 87' lang='lat' dir='ltr'>Ista</span> <span class='ocrx_word' id='word_1_158' title='bbox 1016 2007 1156 2041; x_wconf 87' lang='lat' dir='ltr'>Cumana.</span> <span class='ocrx_word' id='word_1_159' title='bbox 1178 2010 1293 2051; x_wconf 78' lang='lat' dir='ltr'>patria,</span> 
     </span>
     <span class='ocr_line' id='line_1_49' title="bbox 925 2055 1482 2094; baseline 0.007 -8"><span class='ocrx_word' id='word_1_160' title='bbox 925 2055 1011 2094; x_wconf 80' lang='lat' dir='ltr'>Quae</span> <span class='ocrx_word' id='word_1_161' title='bbox 1028 2055 1186 2088; x_wconf 81' lang='lat' dir='ltr'>Christum</span> <span class='ocrx_word' id='word_1_162' title='bbox 1199 2057 1303 2089; x_wconf 89' lang='lat' dir='ltr'>noscit</span> <span class='ocrx_word' id='word_1_163' title='bbox 1311 2057 1482 2090; x_wconf 87' lang='lat' dir='ltr'>Dominum</span> 
     </span>
     <span class='ocr_line' id='line_1_50' title="bbox 925 2103 1348 2145; baseline 0.009 -10"><span class='ocrx_word' id='word_1_164' title='bbox 925 2103 989 2136; x_wconf 89' lang='lat' dir='ltr'>Per</span> <span class='ocrx_word' id='word_1_165' title='bbox 1014 2105 1101 2136; x_wconf 89' lang='lat' dir='ltr'>tuum</span> <span class='ocrx_word' id='word_1_166' title='bbox 1126 2105 1348 2145; x_wconf 73' lang='lat' dir='ltr'>patrocinium.</span> 
     </span>
    </p>
   </div>
   <div class='ocr_carea' id='block_1_15' title="bbox 508 2169 1084 2353">
    <p class='ocr_par' dir='ltr' id='par_1_15' title="bbox 508 2169 1084 2353">
     <span class='ocr_line' id='line_1_51' title="bbox 508 2169 1084 2211; baseline -0.007 -6"><span class='ocrx_word' id='word_1_167' title='bbox 508 2173 562 2205; x_wconf 80' lang='lat'>13.</span> <span class='ocrx_word' id='word_1_168' title='bbox 590 2171 639 2204; x_wconf 85' lang='lat' dir='ltr'>Sit</span> <span class='ocrx_word' id='word_1_169' title='bbox 663 2172 733 2204; x_wconf 85' lang='lat' dir='ltr'>laus</span> <span class='ocrx_word' id='word_1_170' title='bbox 758 2169 845 2211; x_wconf 78' lang='lat' dir='ltr'>patri</span> <span class='ocrx_word' id='word_1_171' title='bbox 868 2178 927 2210; x_wconf 86' lang='lat' dir='ltr'>pro</span> <span class='ocrx_word' id='word_1_172' title='bbox 953 2178 1084 2202; x_wconf 83' lang='lat' dir='ltr'>munere</span> 
     </span>
     <span class='ocr_line' id='line_1_52' title="bbox 588 2218 1033 2257; baseline -0.007 -5"><span class='ocrx_word' id='word_1_173' title='bbox 588 2219 638 2252; x_wconf 94' lang='lat' dir='ltr'>De</span> <span class='ocrx_word' id='word_1_174' title='bbox 661 2220 724 2251; x_wconf 85' lang='lat' dir='ltr'>isto</span> <span class='ocrx_word' id='word_1_175' title='bbox 747 2220 858 2251; x_wconf 88' lang='lat' dir='ltr'>sancto</span> <span class='ocrx_word' id='word_1_176' title='bbox 883 2218 1033 2257; x_wconf 82' lang='lat' dir='ltr'>praesule</span> 
     </span>
     <span class='ocr_line' id='line_1_53' title="bbox 589 2266 1029 2307; baseline -0.009 -7"><span class='ocrx_word' id='word_1_177' title='bbox 589 2267 740 2307; x_wconf 83' lang='lat' dir='ltr'>Prolique</span> <span class='ocrx_word' id='word_1_178' title='bbox 766 2275 837 2298; x_wconf 88' lang='lat' dir='ltr'>cum</span> <span class='ocrx_word' id='word_1_179' title='bbox 862 2266 1029 2306; x_wconf 80' lang='lat' dir='ltr'>paraclito,</span> 
     </span>
     <span class='ocr_line' id='line_1_54' title="bbox 589 2313 946 2353; baseline -0.014 -4"><span class='ocrx_word' id='word_1_180' title='bbox 589 2316 662 2349; x_wconf 92' lang='lat' dir='ltr'>Uno</span> <span class='ocrx_word' id='word_1_181' title='bbox 687 2315 772 2347; x_wconf 83' lang='lat' dir='ltr'>trino</span> <span class='ocrx_word' id='word_1_182' title='bbox 800 2313 946 2353; x_wconf 82' lang='lat' dir='ltr'>imperio.</span> 
     </span>
    </p>
   </div>
   <div class='ocr_carea' id='block_1_16' title="bbox 236 2396 1429 2430">
    <p class='ocr_par' dir='ltr' id='par_1_16' title="bbox 236 2396 1429 2430">
     <span class='ocr_line' id='line_1_55' title="bbox 236 2396 1429 2430; baseline 0.001 -1"><span class='ocrx_word' id='word_1_183' title='bbox 236 2401 322 2429; x_wconf 83' lang='lat' dir='ltr'>Brev.</span> <span class='ocrx_word' id='word_1_184' title='bbox 348 2408 401 2426; x_wconf 74' lang='lat' dir='ltr'>ms.</span> <span class='ocrx_word' id='word_1_185' title='bbox 424 2399 647 2428; x_wconf 77' lang='lat' dir='ltr'>Novocomense</span> <span class='ocrx_word' id='word_1_186' title='bbox 668 2401 739 2428; x_wconf 81' lang='lat' dir='ltr'>anni</span> <span class='ocrx_word' id='word_1_187' title='bbox 762 2396 843 2427; x_wconf 75' lang='lat'>1420.</span> <span class='ocrx_word' id='word_1_188' title='bbox 888 2397 956 2426; x_wconf 78' lang='lat' dir='ltr'>Cori.</span> <span class='ocrx_word' id='word_1_189' title='bbox 978 2397 1067 2426; x_wconf 83' lang='lat' dir='ltr'>Univ.</span> <span class='ocrx_word' id='word_1_190' title='bbox 1089 2399 1200 2428; x_wconf 86' lang='lat' dir='ltr'>Bonon.</span> <span class='ocrx_word' id='word_1_191' title='bbox 1220 2401 1343 2429; x_wconf 83' lang='lat' dir='ltr'>Mezzof.</span> <span class='ocrx_word' id='word_1_192' title='bbox 1364 2399 1429 2430; x_wconf 83' lang='lat'><strong>339.</strong></span> 
     </span>
    </p>
   </div>
  </div>
 </body>
</html>
