1651 2621
714 106 944 141 „67—

594 200 657 231 103.
699 200 739 231 De
758 200 869 231 sancta.
890 198 1021 240 Brigida
1039 199 1076 231 V.

745 268 792 298 Ab
814 267 940 298 Laudes.

182 326 212 359 1.
239 326 407 369 Brigidam
433 327 570 360 ecclesia
868 329 899 361 4.
925 328 1058 361 Oramus
1084 337 1168 368 erno,
1190 328 1333 369 Brigicla,

239 374 393 407 Sustollat
414 384 511 415 super
536 376 677 418 aethera,
925 376 1028 417 Regni
1055 376 1201 408 coelestis
1225 376 1341 417 incola,

237 422 328 455 Piam
354 432 478 464 quoque
503 423 735 456 sanctissimam
927 424 1016 462 Quod
1042 433 1099 456 nos
1124 424 1157 456 in
1184 424 1294 456 mundi
1319 425 1446 457 turbine

240 470 355 504 Cantet
380 470 501 503 Christi
525 470 647 503 militia.
926 471 993 504 Tuo
1020 471 1126 503 firmes
1151 472 1333 505 munimine.

181 529 212 560 2.
239 528 323 561 Nam
347 528 500 569 Brigidae
526 527 677 560 cantabili
869 530 899 560 5.
927 527 1159 561 Sacrosacratis
1183 529 1332 568 precihus

239 575 368 608 Laudes
392 573 568 608 refundant,
591 576 700 615 populi
927 575 1034 608 Servis
1059 576 1146 608 adsis
1170 576 1343 609 humilibus

240 623 423 656 Dulcisonis
448 632 487 655 ac
513 623 644 655 vocibus
927 623 971 656 Et
993 624 1167 664 impetrata
1191 624 1285 656 venia

241 670 386 711 Hymnos
411 674 560 711 promant,
583 671 722 703 uberius.
927 671 1046 704 Christi
1072 671 1155 704 dona
1179 680 1236 704 nos
1263 673 1373 712 gratia.

181 729 212 761 3.
241 728 341 760 Verbi
365 729 483 760 sacrati
508 729 629 760 semina
868 729 899 762 6.
928 728 1078 761 Arcendo
1104 730 1203 761 moles
1231 729 1398 761 criminum

240 776 339 808 Sacra
366 776 503 815 benigna
529 778 710 816 praerogat,
927 775 1022 809 Solve
1047 779 1174 808 catenas
1201 777 1366 816 scelerum,

238 823 284 856 Et
310 823 473 863 duplicata
497 822 629 856 foenora
927 822 1063 856 Coelesti
1089 824 1200 864 <lignos
1226 833 1355 857 munere

241 871 363 904 Christi
386 874 554 911 reportant
577 872 722 912 pignora.
926 872 1069 904 Aeterna
1092 872 1207 905 claude
1231 873 1350 912 requie.

580 929 613 961 7.
640 928 789 960 Dicamus
814 928 901 967 patri
925 928 1059 968 gloriam

641 975 718 1007 Cum
744 974 810 1008 filio
835 977 1021 1015 perpetuam

638 1022 769 1055 Virifico
796 1032 866 1055 oum
892 1022 1008 1063 spiritu

635 1071 675 1102 1n
701 1072 898 1103 saeculorum
925 1070 1055 1102 ambitu.

256 1135 342 1164 Brev.
363 1146 416 1164 ms.
439 1136 620 1164 Benedictin.
635 1136 735 1164 Pisan.
756 1136 826 1163 anni
847 1133 930 1164 1326.
965 1135 1033 1163 Occi.
1047 1135 1238 1163 Lam-mnan.
1260 1136 1373 1165 Strozzi
1396 1136 1439 1165 11.
1455 1154 1489 1158 —

182 1172 208 1208 1,
227 1172 247 1201 4
269 1173 402 1202 Cantent·
424 1188 459 1193 —-
482 1174 510 1209 4,
530 1173 550 1201 4
568 1173 695 1202 firmens.

614 1274 678 1307 104.
708 1275 752 1307 De
773 1275 886 1307 sancta
906 1273 1049 1306 Caecilia.

182 1347 211 1381 1.
237 1345 443 1378 Exsultemus
468 1346 502 1377 in
527 1345 587 1377 hoc
611 1345 703 1387 festo,
867 1348 899 1379 4.
928 1345 1085 1379 Caeciliae
1111 1345 1289 1377 cubiculum

238 1394 318 1426 Tam
344 1394 476 1426 solemni
503 1395 535 1425 et
559 1393 701 1434 honesto,
926 1394 1039 1433 Intrat,
1068 1395 1210 1425 orantem
1235 1393 1356 1425 invenit

239 1441 359 1474 Christi
384 1441 515 1482 virginis
542 1440 709 1482 Caeciliae,
926 1441 971 1473 Et
991 1442 1085 1481 juxta
1110 1450 1178 1473 eam
1205 1442 1360 1481 angelum,

239 1489 326 1528 Quae
349 1492 463 1530 regnat.
488 1497 558 1520 cum
582 1497 658 1529 rege
674 1489 804 1529 gloriae.
924 1489 1020 1529 Quem
1047 1488 1238 1520 Valerianus
1260 1489 1353 1522 vidit.

180 1547 211 1579 2.
237 1546 290 1578 Ex
317 1546 419 1578 nobili
443 1548 605 1587 progenie,
865 1548 895 1579 5.
923 1545 968 1578 Et,
993 1546 1072 1579 duos
1093 1544 1212 1578 fratres
1237 1546 1405 1588 convertit,

236 1594 288 1626 Ex
313 1594 527 1627 Romanorum
552 1602 667 1634 genero
921 1594 1123 1626 Almachium
1149 1594 1322 1634 superavit,

237 1641 316 1674 Orta
342 1640 401 1673 fuit
429 1641 570 1674 Caecilia
920 1642 1115 1681 Episcopum
1144 1642 1374 1675 demonstravit

235 1690 274 1722 In
299 1689 365 1722 fide
392 1689 510 1723 Christi
535 1689 665 1723 nutrita.
921 1689 980 1721 Eis
1001 1690 1035 1721 in
1061 1690 1150 1722 vultu
1176 1690 1292 1730 angeli.

181 1748 214 1780 3.
242 1747 362 1780 Christi
388 1746 478 1787 virgo
508 1745 648 1779 Caecilia
865 1749 896 1780 6.
923 1747 994 1780 Hoc
1019 1750 1163 1786 praestet
1187 1756 1310 1779 summa
1334 1748 1462 1781 trinitas

238 1794 394 1835 Sponsum
421 1794 562 1826 habebat
586 1793 757 1826 Dominum
922 1794 1085 1834 Simulque
1109 1804 1174 1827 una
1201 1795 1312 1838 deitas,

233 1842 278 1874 Et
302 1846 475 1874 amatorem
500 1842 658 1884 angelum,
923 1843 968 1875 Ut
994 1843 1087 1874 beata
1113 1843 1253 1875 Caecilia

238 1889 297 1928 Qui
324 1898 391 1921 eam
420 1892 539 1921 castam
565 1890 715 1923 servavit.
921 1890 1109 1922 Habitemus
1133 1890 1167 1922 in
1192 1890 1303 1931 gloria.

252 1956 339 1983 Brev.
361 1964 413 1982 ms.
437 1954 619 1983 civitatense
639 1963 715 1982 saec·-
738 1953 781 1983 15.
814 1955 884 1982 God.
904 1955 1045 1982 Marcian.
1067 1953 1093 1983 L
1112 1956 1128 1983 Ι
1148 1954 1193 1983 85.
1208 1971 1245 1975 -
1262 1954 1285 1991 1,
1307 1955 1324 1983 2
1348 1966 1391 1993 sq.
1421 1958 1465 1986 Li.

183 1994 294 2023 Christi
314 1996 399 2030 virgo
422 1991 553 2021 Caecilia
572 1994 687 2030 Regnat
709 1994 794 2020 vuni‘?
815 2008 852 2012 -—
872 1992 899 2027 4,
923 1992 936 2020 1
960 1993 1098 2022 Caecilia.

619 2085 681 2117 105.
712 2085 755 2117 De
776 2086 886 2116 sancta.
908 2084 1051 2118 Caecilia.

177 2159 210 2191 1.
236 2158 354 2198 Pange,
380 2158 499 2200 lingua,
527 2156 686 2198 gloriosae
865 2158 896 2189 2.
921 2156 1046 2189 Mundo
1072 2157 1196 2189 clarens
1221 2161 1344 2199 martyr
1370 2160 1433 2191 ista

281 2205 414 2247 virginis
442 2204 601 2237 Caeciliae
970 2204 1071 2237 nobili
1095 2206 1256 2251 prosapia,

232 2255 268 2287 In
294 2253 446 2286 honorem
471 2252 710 2294 triumphantis,
923 2252 1003 2292 Ejus
1030 2256 1119 2285 caret
1143 2253 1378 2295 blandimentis,

286 2310 304 2335 o
329 2301 526 2341 triumphum
548 2300 699 2342 nobilem,
973 2309 1116 2341 cernens,
1145 2303 1229 2342 quod
1257 2303 1418 2337 deficeret.

239 2350 328 2390 Quod
352 2352 522 2389 tyrannum
549 2351 613 2382 tam
639 2349 779 2382 ferocem
924 2351 971 2382 At
995 2349 1028 2381 in
1054 2358 1181 2382 sacrum
1206 2352 1288 2391 gerit
1316 2352 1434 2385 Chrisli

286 2398 452 2432 immolata
476 2398 600 2432 vicerit..
971 2400 1086 2437 pectus
1111 2400 1319 2441 evangelium.

1280 2456 1319 2485 5*
