1651 2621
727 115 985 152 —259-

197 213 229 245 3.
256 213 430 245 Trecentos
455 212 539 254 regis
565 212 671 246 rabies
887 217 919 248 4.
946 217 985 249 In
1010 216 1111 248 antris
1136 216 1170 247 hi
1195 224 1229 247 se
1255 216 1409 256 colligunt

256 261 417 301 Quaerens
442 260 547 293 missis
573 261 762 301 tortoribus,
945 263 1067 303 Spiritu
1093 263 1154 295 Dei
1178 265 1320 304 praevio,

259 309 405 342 Caedunt
429 312 600 349 quaternos
627 308 733 342 decies
946 311 1112 344 Sozomeni
1135 320 1171 343 se
1195 312 1346 352 subigunt

258 356 381 389 Ceteris
408 356 627 390 evadentibus.
945 358 1000 391 Bis
1028 360 1089 391 duo
1113 359 1306 400 magisterio.

604 417 635 448 5.
661 415 827 448 Altissimo
853 419 1010 456 perpetua

659 462 708 495 Sit
732 464 801 495 laus
828 467 860 496 et
885 464 1075 508 benedictio,

660 510 721 550 Qui
747 511 846 544 donat
871 521 961 544 arma
983 521 1123 552 congrua

659 558 697 590 In
722 567 817 591 saevo
843 560 954 592 mundi
977 560 1111 599 proelio,

274 625 361 652 Brev.
384 632 440 652 ms.
466 623 496 651 S.
522 623 677 660 Sepulchri
702 632 777 653 saec.
798 622 877 661 14115.
918 625 988 653 Cod.
1013 626 1147 653 Parmen.
1171 625 1266 653 Palat.
1285 622 1356 658 2186.
1380 640 1415 645 —
1440 622 1472 658 1,
1497 622 1515 652 3

199 662 314 690 scalidi.
336 677 371 681 —-
393 661 419 696 2,
442 660 457 689 1
479 662 634 690 malitiam.

623 764 689 796 437.
720 765 763 796 Dc
784 765 892 797 sancto
913 766 1089 797 sozomeno.

759 832 808 862 Ad
828 833 956 864 Laudes.

201 901 231 936 1.
260 903 284 935 O
312 902 433 935 Christi
457 903 539 934 mira
562 902 698 945 bonitas,
890 906 921 937 3.
948 903 1049 936 illusa
1072 904 1155 943 regis
1182 902 1266 935 furia

258 950 348 982 {Inter
374 950 455 982 dura
480 954 511 982 et
535 958 703 990 prospera,
948 951 1155 984 Sozomenum
1180 950 1307 990 eripuit,

259 998 323 1030 Per
348 1001 452 1029 rectas
480 998 599 1030 ducens
625 998 753 1030 semitas
948 999 1046 1038 Quem
1071 1000 1167 1038 longa
1189 997 1387 1039 poenitentia

260 1045 393 1077 Sanctos
420 1054 493 1078 suos
519 1045 560 1077 ad
585 1045 724 1079 aethera.
945 1048 1073 1087 Augere
1098 1044 1236 1077 fructum
1262 1045 1372 1079 voluit.

201 1103 233 1134 2.
260 1102 330 1134 Rex
354 1104 463 1134 noster
486 1101 703 1142 Epiphaniam
888 1103 920 1135 4.
947 1103 1000 1135 Ad
1028 1103 1206 1142 exemplum
1229 1102 1282 1133 hic
1305 1101 1444 1142 plurium

260 1149 526 1190 Quadragenique
550 1149 673 1181 numeri
948 1150 992 1183 Et
1016 1159 1158 1182 normam
1184 1148 1384 1182 salutiferam

258 1196 383 1229 Milites
408 1205 467 1237 per
492 1198 681 1236 martyrium
946 1199 1093 1238 Longum
1117 1198 1218 1229 traxit
1241 1196 1439 1236 martyrium,

258 1245 320 1278 Via
345 1245 525 1276 transvexit
549 1244 656 1278 celeri.
945 1245 1027 1277 Dum
1055 1247 1152 1278 vitam
1182 1244 1271 1277 duxit
1296 1252 1453 1283 asperam.

573 1303 605 1334 5.
624 1300 797 1341 Magnifioo
822 1302 865 1333 sit
886 1301 1023 1333 Domino

625 1348 746 1382 Cuncta
768 1349 892 1389 regenti
916 1349 1027 1389 gloria,

621 1396 680 1437 Qui
705 1405 762 1428 nos
786 1396 820 1428 in
846 1396 930 1428 vitae
955 1396 1090 1428 termino

621 1444 728 1476 Ducat
748 1443 791 1476 ad
817 1444 897 1476 coeli
921 1444 1048 1484 gaudia.

269 1512 356 1539 Brev.
380 1518 432 1538 ms.
453 1509 483 1538 S.
506 1509 661 1546 Sepulchri
681 1517 757 1537 saec.
779 1506 854 1537 14l15.
895 1509 965 1537 Cocl.
984 1509 1120 1537 Pal-men.
1141 1509 1236 1536 Palat.
1261 1506 1323 1537 186.

618 1611 687 1642 438.
717 1610 761 1643 De
781 1610 892 1642 sancto
913 1611 1081 1652 Stephano.

750 1679 799 1709 Ad
818 1678 947 1709 Laudes.

194 1752 228 1785 1.
254 1752 354 1783 Beato
378 1751 611 1791 protomartyri
888 1751 920 1784 4.
946 1751 1025 1784 Cum
1049 1750 1196 1783 Christus
1222 1750 1309 1781 coelo
1333 1748 1498 1791 panditur,

257 1798 404 1831 Psallant
428 1806 519 1829 senes
546 1801 576 1829 et
601 1798 703 1837 pueri,
947 1798 1103 1838 Angelico
1128 1798 1182 1829 hic
1206 1798 1348 1829 cernitur

261 1846 357 1886 Cujus
383 1844 506 1876 fructus
528 1844 687 1876 innumeri
947 1845 1058 1887 Vultu,
1083 1848 1160 1876 tunc
1183 1853 1244 1876 non
1273 1845 1470 1877 convertitur

262 1894 460 1926 Dulcescunt
485 1892 570 1924 omni
594 1895 747 1931 tempore.
949 1893 1035 1925 Gens
1060 1901 1172 1932 prava,
1196 1892 1253 1924 sed
1279 1893 1486 1931 pervertitur.

199 1955 231 1986 2.
258 1952 453 1990 Assumptus
479 1949 519 1981 ab
546 1948 699 1988 apostolis
891 1951 921 1983 5.
948 1949 993 1982 Ut
1018 1957 1147 1988 pressus
1173 1947 1264 1980 falsis
1288 1949 1424 1981 testibus

259 2000 318 2032 Vir
343 1999 497 2039 prudens,
525 2000 642 2036 castus,
669 1996 796 2028 humilis
951 1996 1027 2030 Obit
1052 2004 1161 2029 caesus
1186 1996 1358 2036 lapidibus,

258 2078 264 2084 .
294 2078 300 2084 .
330 2075 336 2081 .
369 2078 372 2084 ,
400 2045 544 2079 honestis
570 2044 676 2078 viduis
949 2045 1051 2077 Orans
1076 2053 1135 2084 pro
1160 2044 1425 2084 persequentibus

258 2097 321 2129 Est
344 2095 407 2127 iste
432 2102 504 2125 cum
529 2101 584 2125 sex
609 2091 692 2125 aliis.
950 2091 1008 2124 Fit
1030 2100 1160 2124 consors
1187 2092 1266 2123 coeli
1293 2092 1426 2127 civibus.

197 2156 228 2188 3,
254 2153 339 2186 Nam
364 2151 443 2184 facit
467 2151 520 2183 hic
544 2149 702 2191 prodigia,
891 2151 922 2182 6.
950 2150 1048 2182 Sacer
1072 2149 1171 2183 levita
1195 2149 1366 2192 Stephane,

253 2201 416 2235 Malorum
442 2198 508 2231 fert
530 2198 653 2238 leugia,
947 2196 1079 2236 Martyr
1103 2199 1136 2227 et
1158 2197 1248 2238 pugil
1274 2197 1403 2238 optime,

257 2251 396 2290 Quorum
422 2248 500 2279 terit,
524 2246 655 2286 fastigia
950 2245 1088 2285 Purgato
1113 2253 1170 2276 nos
1196 2255 1216 2277 a
1241 2245 1382 2286 crimine,

255 2299 321 2331 Per
345 2298 483 2337 paginae
508 2295 652 2335 vestigia.
950 2292 1042 2332 Roga
1065 2292 1185 2331 repleri
1208 2291 1347 2327 flamine.

603 2354 633 2385 7.
664 2351 774 2384 Gloria
800 2350 869 2391 tibi,
898 2349 1044 2382 Domine.

275 2420 386 2458 Hymn.
406 2427 461 2447 ms.
480 2419 671 2447 Florentinus
692 2426 768 2446 saec.
790 2414 835 2444 13.
876 2414 946 2443 eod.
969 2416 1109 2444 Laurens.
1129 2415 1175 2444 Pl.
1195 2417 1307 2446 XXIX.
1327 2415 1354 2445 9.

1290 2462 1348 2495 17*
