1651 2621
728 134 989 170 —115—

421 229 454 262 4.
483 230 640 271 Concede,
668 230 805 272 Christe,
829 233 1027 264 saeculorum
1055 233 1198 273 Domine,

482 277 583 310 Nobis
609 288 668 318 per
692 282 822 311 sanctae
848 278 967 312 Gratao
993 289 1066 312 cara
1091 281 1215 320 merita,

481 326 539 366 Ut,
564 335 646 365 quae
671 328 705 357 te
730 335 836 359 coram
861 327 1002 367 graviter
1026 328 1237 368 peccavimuS,

480 372 586 413 Hujus
615 375 782 407 solvantur
804 374 951 415 gloriosis
976 376 1136 415 precibus.

423 459 452 490 5.
481 459 588 498 Salva,
616 460 810 501 redemptor,
836 461 960 499 plasma
984 463 1072 493 tuum
1097 462 1212 506 nobile,

480 506 645 547 Signatum
668 510 778 539 sancto
804 508 909 540 vultus
935 508 982 541 tui
1005 508 1134 549 lumine,

480 554 550 586 Nec
573 555 711 587 lacerari
736 555 822 587 sinas
847 553 963 588 fraude
989 557 1185 596 daemonum,

480 601 618 641 Propter
643 610 720 642 quos
745 604 880 635 mortem
906 604 1070 636 exsolvisti
1094 605 1243 645 pretium.

420 688 451 719 6.
478 687 562 719 Dole
584 688 728 727 captivos
755 696 824 720 esse
847 690 918 721 tuos
941 690 1094 732 servuloS,

478 735 623 767 Absolve
648 743 730 775 reOS,
758 736 954 774 compeditos
982 737 1077 778 erige,

478 782 523 815 Et
547 791 625 821 quos
651 791 765 815 cruore
786 783 951 816 redemisti
975 784 1116 825 proprie,

476 830 548 862 Rex
572 829 665 872 bone,
691 832 796 862 tecum
821 829 874 862 fac
898 831 1039 872 gaudere
1063 834 1231 873 perpetim.

419 916 450 949 7.
477 915 527 947 Sit
548 915 617 948 Deo
641 916 729 956 patri
754 917 822 949 laus
843 917 877 948 in
903 925 1021 957 sponsa
1044 917 1113 957 filii,

481 963 531 995 Sit
556 964 720 1004 coaequali
745 965 814 996 laus
840 968 951 996 sancto
976 965 1115 1005 spiritui,

483 1010 612 1043 Civibus
638 1012 768 1043 summis
793 1012 944 1053 gaudium
969 1012 1011 1043 sit
1035 1013 1164 1055 angelis,

479 1058 590 1090 Honor
615 1059 658 1090 sit
682 1060 799 1091 mundo
827 1058 946 1091 Gratae
971 1060 1163 1094 sublimatio,

263 1151 349 1178 Brev.
370 1160 423 1178 ms.
438 1150 468 1178 S.
483 1151 592 1180 Gratae
605 1152 777 1188 Pei-gamen.
799 1160 874 1180 saec.
897 1150 971 1180 15'13.
1006 1152 1074 1180 Ood.
1088 1153 1272 1181 Ambrosian.
1287 1155 1312 1182 Τ
1331 1152 1369 1183 43
1386 1163 1449 1190 sup.

185 1187 212 1225 2,
234 1187 248 1216 1
267 1188 367 1217 fehlen
384 1190 459 1217 zwei
481 1189 597 1225 Silben3
619 1198 729 1226 sponsa
748 1192 875 1227 ergiinzt.

564 1337 626 1369 189.
656 1339 689 1370 In
712 1338 933 1370 {translatione
954 1347 977 1369 s.
1001 1338 1123 1370 Gratae.

717 1425 764 1455 Ad
782 1426 968 1456 Matutinum.

185 1506 216 1540 1.
242 1506 406 1546 Hymnum
433 1514 581 1537 canamus
606 1506 727 1547 gloriae
870 1508 902 1538 4.
931 1505 1007 1537 Dies
1032 1506 1181 1538 solemnis
1207 1506 1321 1549 agitur,

245 1554 369 1586 illustri
395 1553 515 1586 Christi
537 1553 632 1596 filiae,
929 1553 1007 1585 Dies
1032 1553 1144 1584 salutis
1171 1553 1295 1594 colitur,

244 1602 330 1640 Quae
355 1601 437 1633 vixit
461 1605 531 1632 sine
557 1601 689 1633 crimine
929 1601 966 1632 In
995 1609 1056 1640 quo
1081 1609 1154 1639 spes
1183 1600 1425 1642 repromittitur,

243 1650 282 1682 In
305 1649 367 1680 hac
390 1648 476 1681 valle
499 1649 657 1682 miseriae.
929 1647 1001 1680 Hae
1025 1650 1198 1680 attestante
1220 1649 1379 1681 redditur.

184 1736 215 1768 2.
241 1736 281 1767 In
303 1735 408 1767 animo
433 1734 599 1775 munditia,
872 1735 903 1767 5.
929 1734 1027 1773 Ergo,
1053 1743 1070 1765 o
1096 1733 1157 1765 Dei
1183 1733 1304 1766 famula

241 1782 280 1813 In
305 1782 395 1813 vultu
419 1782 578 1822 pudicitia
931 1782 1013 1813 Vere
1037 1783 1138 1821 grata,
1164 1791 1223 1821 per
1248 1784 1377 1814 saecula

242 1829 361 1861 Gratae
386 1829 517 1869 relucet,
543 1829 680 1869 bonitas,
930 1828 1056 1861 Christo
1083 1838 1289 1870 conregnans,
1317 1830 1441 1862 venium

246 1876 412 1916 Nobisque
436 1877 586 1915 splendet
611 1876 775 1908 sanctitas.
930 1876 1030 1908 Nobis
1055 1885 1168 1916 poscas
1195 1880 1225 1908 et
1248 1878 1394 1917 gratiam.

181 1965 212 1997 3.
241 1963 279 1995 In
306 1962 374 2001 ejus
398 1970 483 1993 nunc
506 1962 679 2001 praeconia
871 1963 902 1995 6.
929 1962 1079 1995 Nitamur
1102 1962 1177 1993 totis
1203 1962 1323 1994 viribus

238 2011 397 2050 Linguam
422 2010 528 2041 solvat
552 2010 696 2047 ecclesia,
927 2009 993 2042 Piis
1019 2009 1223 2053 orationibus,

240 2058 362 2091 Gratae
383 2059 550 2090 matronae
574 2058 707 2097 gloriam
927 2058 974 2090 Ut
997 2060 1128 2090 sanctae
1153 2057 1274 2090 Gratae
1297 2059 1419 2091 meritis

239 2108 371 2140 Promat
394 2106 555 2146 sperando
582 2105 715 2137 veniam.
929 2105 1017 2138 Coeli
1042 2104 1185 2137 fruamur
1209 2106 1344 2147 gaudiis

536 2193 568 2225 7.
596 2191 656 2233 Sit,
683 2190 820 2231 Christe,
847 2199 905 2222 rex
928 2191 1081 2232 piissime,

592 2239 668 2272 Tibi
692 2239 843 2281 patrique
866 2239 969 2278 gloria

592 2286 669 2320 Cum
694 2287 811 2327 spiritu
835 2286 993 2326 paraclito

591 2335 629 2367 In
655 2335 851 2376 sempiterna
875 2335 1012 2367 saecula.

249 2432 337 2459 BreV.
364 2440 416 2459 ms.
439 2429 469 2458 S.
495 2430 604 2459 Gratae
623 2431 796 2467 Pergamen.
817 2438 893 2459 saec.
914 2428 988 2459 ¹⁶l10.
1032 2431 1101 2459 Cod.
1121 2430 1307 2461 Ambrosian.
1327 2434 1352 2460 T
1372 2430 1409 2460 43
1430 2442 1494 2470 sup.

1281 2477 1321 2506 8*
