1651 2621
725 130 961 166 -93—

629 224 692 256 149,
723 223 766 255 De
786 223 894 256 sancto
914 223 1055 255 Erasmo.

687 302 736 331 Ad
758 301 846 340 Vesp.
865 304 894 331 et
912 300 998 331 Noct.

182 368 214 400 1.
239 367 353 408 Magni
377 370 515 409 palmam
542 371 724 403 certaminis
870 372 903 404 4.
929 371 1019 403 Tune
1044 370 1224 410 compulsus
1248 379 1268 401 a
1292 367 1448 408 principe,

240 416 366 448 Invicta
391 415 473 449 fides
499 417 642 456 contulit,
929 418 1021 452 Saxis
1046 421 1120 450 vota
1144 418 1337 458 persolvere,

239 463 303 495 Pro
330 464 457 498 Christo
483 465 708 498 dimicantibus
929 467 1012 505 Quos
1035 466 1093 498 ille
1117 474 1176 505 per
1202 465 1297 497 fidem
1324 462 1441 497 Christi

240 510 292 543 De
316 512 402 544 coelo
428 514 523 546 datur
549 513 699 547 calculus.
929 512 1127 546 Profundum
1151 512 1262 544 mersit
1286 511 1404 552 abyssi.

181 569 213 602 2.
241 568 396 610 Christus,
415 570 469 610 qui
494 579 654 611 nunquam
681 571 810 614 deserit,
871 572 902 604 5.
929 569 1011 602 Nam
1039 568 1180 602 carnifex
1205 568 1384 610 tyrannidis

242 616 326 655 Quos
353 626 409 649 suo
434 618 570 649 redemit
593 618 754 658 sanguine,
927 618 1053 651 Fremit
1075 620 1112 649 ut
1135 618 1185 649 leo
1210 617 1348 656 rabiens,

242 663 372 696 Direxit,
394 665 499 696 virum
523 665 678 705 inclitum,
929 665 1108 698 Advectum
1133 673 1239 697 secum
1264 667 1438 703 martyrem

240 712 287 745 Ut
310 712 431 744 idolum
459 712 647 746 destrueret,
927 712 1094 745 Erasmum
1119 714 1222 745 morte
1247 711 1385 751 perimit.

181 770 213 802 3.
240 768 382 801 Profana
407 769 481 801 dum
507 771 724 809 succenderet,
870 770 900 803 6.
929 769 995 802 Deo
1021 770 1106 810 patri
1130 770 1173 801 sit
1195 769 1298 809 gloria

238 817 325 848 Aere
349 814 505 849 flammam
532 818 661 857 repulit,
929 817 1070 857 Ejusque
1094 817 1154 849 soli
1178 815 1244 848 filio

240 863 306 902 Quo
334 865 492 897 exstincta
516 868 591 898 sunt
612 865 771 905 incendia,
930 863 1006 897 Cum
1036 865 1151 905 spiritu
1176 863 1333 904 paraclito

237 911 347 944 imber
371 911 433 944 fuit
456 913 648 952 praesentia,
927 913 965 945 In
995 913 1191 951 sempiterna
1214 912 1350 944 saecuia.

256 986 340 1014 Brev.
367 996 419 1015 ms,
445 988 677 1016 Humiliatorum
702 996 778 1016 saec.
801 986 844 1016 15.
895 987 963 1015 Ood.
989 986 1174 1014 Ambrosian.
1201 987 1217 1013 1
1244 984 1297 1013 197
1323 986 1374 1013 inf.
1395 985 1431 1013 A.
1456 1001 1465 1006 -

180 1025 265 1053 Brev.
293 1034 347 1052 mS.
368 1026 600 1054 Humiliatorum
626 1034 702 1054 saec.
724 1024 768 1054 15.
809 1025 878 1054 God.
900 1025 1085 1053 Ambrosian.
1105 1023 1135 1051 H
1162 1022 1217 1051 267
1237 1025 1289 1051 inf.
1312 1024 1346 1051 B.
1367 1038 1403 1042 —
1424 1021 1455 1057 3,

177 1063 253 1091 Acro
272 1064 307 1091 A.
333 1077 370 1082 —-
399 1062 431 1097 3,
461 1063 481 1091 4
500 1064 621 1092 Umbris
649 1064 705 1092 fuit
724 1065 766 1097 Α;
792 1064 890 1091 Imber
909 1064 965 1091 fuit
985 1062 1112 1099 praefuit
1131 1064 1298 1097 praesentia
1317 1063 1351 1089 B.
1371 1078 1381 1081 -
1428 1060 1456 1094 4,

181 1100 280 1129 Sassis
309 1103 384 1129 notis
414 1105 485 1130 vota
504 1102 538 1129 A.
570 1116 603 1118 2
631 1102 664 1135 5,
695 1101 709 1130 1
729 1102 799 1130 Lies
819 1103 886 1131 Jam
914 1101 1063 1129 carnifex?
1087 1114 1122 1119 —
1145 1099 1177 1136 5,
1209 1099 1226 1127 2
1245 1100 1384 1128 Fremens
1405 1100 1437 1128 B.

181 1138 207 1172 5,
229 1137 247 1167 3
267 1139 435 1167 Adnectans
456 1141 489 1173 A,
511 1140 663 1168 advectam
684 1141 717 1168 B.

1476 1022 1489 1034 Γ

1458 1028 1496 1118 iios

630 1270 693 1303 150.
723 1271 765 1302 Dc
783 1271 891 1302 sancto
912 1270 1053 1302 Erasmo.

744 1347 793 1377 Ad
812 1347 940 1377 Laudes.

184 1415 215 1449 1.
241 1415 370 1455 Martyr
394 1415 513 1449 Christi
543 1418 698 1457 egregius,
872 1419 903 1450 3.
930 1416 1020 1456 Quod
1043 1416 1099 1448 ilie
1121 1425 1184 1448 non
1209 1417 1399 1449 contremuit

240 1463 360 1496 Amore
384 1465 452 1504 eJ'us
477 1465 679 1504 praedicanS,
932 1462 1135 1497 confortatus
1165 1474 1183 1496 a
1207 1464 1355 1505 Domino,

244 1510 362 1543 Sancto
388 1512 531 1552 repletus
555 1512 681 1552 spiritu,
932 1512 995 1544 Sed
1021 1512 1121 1551 magis
1147 1512 1177 1543 in
1205 1513 1324 1551 populo

240 1559 371 1591 Vultum
398 1567 511 1599 gerens
537 1560 725 1600 angelicum.
928 1560 1068 1592 Fructus
1096 1560 1219 1591 divinos
1243 1559 1361 1594 intulit.

182 1619 212 1649 2.
240 1616 296 1649 Ira
321 1624 473 1649 accensus
498 1616 674 1657 imperator
872 1619 903 1650 4.
931 1618 1109 1657 Jungamur
1139 1625 1220 1658 ergo,
1248 1616 1336 1659 socii,

242 1665 381 1697 Poenam
405 1664 529 1697 invexit
550 1665 695 1704 martyri,
930 1665 1093 1704 Hymnum
1120 1667 1265 1705 gerentes
1291 1663 1438 1705 Domino,

243 1711 391 1754 Flagella
414 1721 520 1755 saeva,
548 1720 704 1753 carceres,
931 1712 978 1746 Ut
1004 1713 1074 1751 ipso
1101 1713 1323 1745 intercedente

240 1760 353 1793 Serras
378 1760 447 1793 sive
472 1761 660 1800 sartagines
932 1759 1052 1792 Nostra
1076 1762 1253 1801 purgentur
1280 1760 1423 1794 crimina.

584 1820 614 1851 5.
641 1818 711 1850 Deo
735 1818 821 1858 patri
848 1817 889 1849 sit
914 1818 1026 1858 gloria.

258 1892 345 1920 Brev.
372 1901 424 1920 ms.
452 1892 687 1921 Humiliatorum
717 1901 794 1921 saec.
816 1890 861 1920 15.
904 1892 974 1920 (jod.
994 1893 1181 1920 Ambrosian.
1210 1892 1225 1919 1
1253 1890 1306 1919 197
1332 1892 1385 1920 inf.
1404 1894 1440 1921 A.
1467 1908 1502 1912 —-

181 1933 266 1960 Brev,
288 1939 342 1958 ms.
363 1931 596 1959 Humiliatorum
617 1939 692 1959 saec.
717 1930 760 1959 15.
804 1930 873 1959 Cod.
894 1930 1081 1958 Ambrosian.
1105 1931 1136 1958 H
1157 1928 1220 1959 267.
1244 1931 1295 1958 inf.
1316 1932 1348 1958 Β.
1370 1946 1407 1949 -
1430 1930 1460 1965 1,
1490 1931 1500 1959 1

179 1971 249 2007 Ipse
276 1972 389 2005 martyr
409 1968 521 1997 Christi
541 1969 605 1997 AB:
635 1970 692 1998 lies
714 1969 825 1998 Christi
849 1969 978 2004 martyr?
1005 1984 1041 1989 ——
1068 1967 1098 2003 2,
1127 1966 1147 1996 4
1168 1968 1255 1996 Seras
1276 1971 1339 1997 sive
1369 1984 1407 1989 —
1427 1967 1459 2003 Β,
1489 1970 1500 1997 1

180 2009 263 2043 Quos
281 2008 334 2036 ilie
354 2008 415 2036 AB.
437 2024 474 2028 —
494 2005 523 2041 3,
543 2005 561 2037 3
581 2008 656 2036 fehlt
675 2009 740 2035 eine
761 2007 853 2036 Silbe.

623 2130 679 2162 151.
711 2130 753 2161 De
776 2129 884 2162 sancto
905 2127 1059 2170 Eugenio.

690 2208 725 2237 In
744 2207 835 2245 Vesp.
858 2211 888 2237 et
906 2207 994 2238 Noct.

182 2280 212 2312 1.
238 2278 401 2318 Dragmae
425 2279 573 2316 repertae
598 2279 731 2311 coelitus
871 2280 903 2311 2.
928 2278 1072 2317 Eugenio
1098 2277 1298 2309 sanctissimo

239 2327 385 2358 Accenso
414 2327 497 2356 teste
520 2325 640 2357 lumine
929 2325 1091 2366 Hymnum
1120 2334 1303 2365 promamus
1330 2327 1498 2369 mellicum,

240 2374 407 2412 versaque
433 2372 525 2403 domo
551 2371 696 2406 funditus
930 2374 996 2413 Quo
1025 2373 1077 2405 die
1103 2373 1185 2405 victo
1210 2373 1348 2413 pessimo

241 2422 331 2455 Coeli
354 2421 479 2453 locatae
505 2420 652 2461 culmine,
929 2421 1094 2453 Thronum
1123 2422 1311 2453 conscendit
1336 2423 1498 2460 coelicum,
