1653 2622
181 204 213 236 3.
241 204 350 244 Quam,
377 202 465 234 Deus
491 204 526 234 tu
549 202 704 244 piissime,

238 251 374 291 Largire
398 258 482 283 nunc
505 250 698 292 petentibus,

239 297 400 331 Mandare
424 297 504 331 velis
531 298 664 331 coelitus

235 346 286 378 De
311 346 408 379 solita
434 345 612 378 elementia.

871 204 903 237 4.
930 203 977 237 Ut
1001 202 1061 235 tibi
1085 212 1213 243 semper
1236 203 1338 243 gloria

927 251 978 284 De
1002 251 1065 284 tuis
1093 252 1186 284 detur
1210 251 1321 292 gratiis

928 298 974 332 Et
997 307 1082 331 nunc
1106 301 1139 331 et
1161 299 1195 331 in
1218 301 1407 340 perpetuum

929 347 993 379 Per
1019 346 1143 379 infinita
1165 347 1301 380 saecula.

252 431 339 459 Brev.
366 439 419 458 ms.
448 429 478 457 S.
505 431 588 458 Petri
615 430 651 459 de
673 430 794 458 Penisio
821 438 896 459 saec.
920 429 963 459 14.
1003 431 1073 460 Cod.
1093 431 1280 460 Vallicellan.
1298 432 1332 460 B.
1359 430 1403 459 92.
1430 431 1496 458 add.

180 477 256 497 saec.
279 467 324 497 15.
345 483 383 489 --
403 467 429 503 3,
450 466 469 496 3
494 468 693 505 Manrlareque
714 469 798 497 velis.

558 607 620 640 160.
652 608 696 640 De
715 616 756 641 ss.
779 608 928 641 Faustino
951 610 983 640 et
1002 609 1119 642 Jovita.

726 694 776 725 Ad
795 696 953 733 Vesperas.

179 775 210 808 1.
236 776 381 808 Aeterna
403 783 531 814 semper
555 775 682 807 trinitas

234 823 280 855 Et
303 830 380 854 vere
402 822 539 862 simplex
563 823 679 861 unitas,

235 871 398 910 Hymnum
423 879 538 902 novum
564 870 776 909 psallentibus

235 918 377 951 Salutem
403 916 514 950 confer
539 918 694 952 omnibus,

179 977 211 1009 2.
236 977 410 1008 Terrarum
435 983 543 1007 omnes
569 975 687 1015 anguli,

234 1024 282 1055 Te
308 1022 442 1054 laudent
466 1031 574 1054 omnes
600 1023 720 1064 populi,

237 1070 333 1110 Cujus
357 1078 417 1111 per
443 1069 541 1102 fidem
564 1073 723 1110 martyres

234 1118 352 1151 Mundi
377 1118 523 1150 vicerunt
547 1118 720 1159 principes.

178 1176 210 1208 3.
237 1175 321 1207 Nam
344 1174 484 1207 Adriani
507 1176 651 1214 tempore
867 1176 897 1209 ¹7.

233 1222 410 1255 Fulserunt
435 1223 496 1254 duo
522 1222 652 1254 Brixiae

238 1269 391 1303 Germani
417 1277 513 1301 carne
538 1269 655 1310 fulgidi

233 1317 379 1356 Fratres,
404 1317 439 1348 in
463 1315 529 1348 fide
553 1315 681 1350 fervidi.

175 1375 208 1407 4.
234 1374 409 1407 Faustinus
434 1374 537 1414 gradu
563 1374 743 1415 presbyter,
864 1376 895 1408 8.

233 1422 317 1454 Fide
342 1421 435 1454 fortis
460 1423 493 1452 et
517 1422 623 1454 alacer

234 1468 450 1510 Tyrannieam
475 1469 639 1501 saevitiam

234 1516 372 1549 vincens
395 1517 486 1549 auxit
509 1516 678 1550 ecelesiam

869 778 900 809 5.
928 776 1005 810 Cum
1031 776 1202 809 levitarum
1226 776 1356 816 speculo

926 824 1044 864 Jovita,
1071 823 1191 857 Christi
1217 822 1345 864 famulo,

927 872 987 910 Qui
1011 872 1105 903 minis
1131 872 1183 903 vel
1209 871 1373 903 blanditiis

926 919 1108 952 Permansit
1131 917 1325 952 inflexibilis.

868 978 899 1010 6.
921 975 1011 1008 Haeo
1034 978 1081 1007 est
1105 983 1182 1008 vera
1209 975 1404 1020 fraternitas,

924 1022 1016 1056 Haec
1045 1026 1094 1054 est
1118 1026 1229 1056 sancta
1253 1025 1456 1064 germanitas,

924 1070 994 1103 Nec
1017 1071 1136 1103 blando
1161 1071 1247 1103 vieta
1272 1070 1392 1103 famine

924 1118 994 1151 Nec
1019 1119 1120 1151 atroci
1146 1119 1328 1152 certamine.

923 1175 997 1219 Gur,
1024 1175 1177 1217 Adriane,
1206 1174 1350 1216 desipis?

923 1223 1006 1263 Quid
1032 1232 1113 1256 vano
1140 1224 1237 1256 corde
1261 1224 1425 1264 concipis2

923 1270 996 1302 Non
1025 1273 1118 1303 erunt
1141 1270 1321 1312 arundinei,

923 1318 988 1351 Sed
1012 1317 1139 1350 firmum
1162 1319 1261 1351 robur
1285 1318 1373 1352 fidei.

923 1376 1060 1415 Quorum
1084 1384 1181 1415 prece
1206 1384 1264 1408 nos
1290 1376 1445 1409 Dominus

922 1423 1049 1455 Sanctis
1073 1422 1180 1455 firmet
1203 1424 1366 1464 operibuS,

924 1470 969 1504 Ut
993 1479 1052 1502 nec
1079 1471 1167 1503 duris
1192 1480 1252 1503 nec
1276 1472 1425 1505 mollibus

921 1517 1038 1550 Mundi
1063 1516 1248 1558 frangamur
1270 1519 1404 1552 vicibus.

543 1575 574 1607 9.
602 1573 652 1606 Sit
676 1574 814 1606 trinitati
838 1574 950 1615 gloria,

596 1621 720 1662 Honor,
749 1622 846 1655 decus
870 1630 930 1661 per
955 1623 1069 1665 omnia,

596 1669 663 1701 Nos
688 1669 872 1702 interventu
895 1672 1072 1709 martyrum

598 1716 687 1749 Coeli
714 1717 810 1749 ducat
833 1717 876 1750 ad
899 1726 1077 1751 numerum.

249 1802 359 1836 Hymn.
380 1810 433 1829 ms.
454 1802 635 1830 Benedictin.
657 1802 787 1831 Brixien.
808 1811 883 1831 saec.
907 1801 951 1832 13.
987 1802 1055 1831 Cod.
1069 1804 1159 1832 Univ.
1173 1800 1335 1831 Bononien.
1358 1800 1440 1831 2558.
1456 1818 1494 1823 —

177 1838 201 1874 1,
222 1838 242 1868 4
263 1840 382 1868 confert.

556 1969 611 2001 161.
641 1970 678 2002 In
698 1978 737 2001 ss.
758 1969 903 2002 Faustini
924 1972 955 2002 et
975 1970 1109 2002 Jovitae.

175 2063 206 2097 1.
233 2062 422 2095 Sanctorum
450 2059 545 2100 digna
571 2060 654 2092 aetio

231 2111 278 2143 Et
301 2108 446 2150 pretiosa
469 2108 577 2149 passio

231 2157 401 2191 Relatione
425 2159 570 2189 veterum

231 2206 352 2239 Nostro
379 2204 504 2237 clarent
526 2204 560 2236 in
586 2204 723 2237 saeculo.

173 2269 205 2300 2.
234 2264 298 2297 Sed
323 2266 361 2295 ut
384 2262 538 2294 credatur
562 2262 670 2295 verius

233 2311 386 2345 Narratio
411 2309 587 2350 gentilium,

232 2360 357 2399 Lingua
378 2359 474 2390 modo
500 2357 643 2390 fidelium

232 2407 365 2442 Prolixa
389 2409 483 2438 sonet
506 2405 647 2439 brevius.

865 2062 896 2093 3.
923 2060 1053 2092 Dudum
1079 2060 1112 2092 in
1137 2060 1216 2093 urbe
1241 2061 1353 2095 Brixia

923 2108 1040 2140 Exorti
1066 2108 1127 2140 duo
1151 2108 1283 2150 lumina,

924 2157 1108 2195 Faustinus,
1133 2155 1250 2200 Jovita,
1277 2165 1372 2198 pares

923 2204 963 2237 In
988 2203 1066 2237 fidei
1093 2206 1280 2246 const-antia,

866 2261 899 2294 4.
926 2261 1143 2294 Debellabant
1166 2260 1332 2295 fortissimi

928 2309 1046 2342 Contra
1074 2309 1176 2342 minas
1202 2312 1378 2344 saevissimi

925 2357 1072 2401 Adriani,
1102 2359 1155 2398 qui
1178 2360 1296 2400 populo

925 2405 1112 2446 Imperabat
1136 2407 1312 2443 incredulo,

1282 2464 1322 2493 7*
