1651 2621
752 124 1011 159 —198—

492 220 522 252 7.
548 221 625 259 Fac,
653 220 736 259 quod
762 222 891 260 rogatur
913 228 996 251 nunc
1020 222 1075 251 tua
1100 219 1226 259 caritas,

548 266 631 298 Nam
652 266 733 305 juris
758 268 819 299 hoc
837 268 892 299 dat
915 267 1038 307 legibus
1063 267 1218 307 aequitas,

549 313 676 345 Debere
701 323 885 354 quemquam
911 322 969 354 pro
995 315 1100 353 patria
1123 314 1215 353 mori,

546 361 596 392 Tu
620 360 702 404 vive,
728 362 784 394 sed
809 370 866 393 nos
891 362 999 394 vivere
1023 360 1075 393 fac
1099 361 1169 393 tibi.

306 444 373 473 0021.
398 444 530 473 Casinen.
558 442 620 473 208.
647 453 723 472 saec.
746 443 789 472 11.
819 460 856 464 -
882 446 936 472 Am
958 445 1096 473 Schlusse
1118 447 1159 473 ist
1182 444 1257 473 noch
1276 444 1370 471 Raum
1395 440 1530 482 gelassen

228 483 274 510 fiii·
304 485 369 511 eine
392 483 570 518 Doxologie,
604 483 692 510 deren
716 482 836 510 Initiale
859 483 890 510 H
918 484 1023 511 hereits
1048 482 1226 511 voi-handen.
1253 497 1290 501 —-
1314 479 1463 507 VerfaSSffl‘
1488 477 1530 502 15¹⁵

227 521 419 557 Alphanus
437 528 506 548 von
527 520 688 548 Salerno.

679 638 743 670 337.
772 640 816 671 De
837 642 942 671 sancto
964 639 1080 670 Mauro.

491 717 522 751 1.
548 718 629 757 Quid
654 721 707 750 tuo
730 719 820 751 nobis
845 720 949 758 potius
973 719 1103 758 placere

547 765 586 797 In
613 766 664 797 die
690 766 792 806 debet,
818 766 876 797 tibi
902 774 993 805 quam
1020 765 1143 797 decoris

547 811 675 844 Fortius
700 813 759 844 niti
783 813 930 853 precibus
954 813 1005 843 vel
1029 811 1164 852 hymnis,

594 859 719 898 Optime
743 858 880 892 Maure?

491 925 522 956 2.
548 924 597 955 Tu
622 925 720 957 sacris
746 925 901 965 quondam
924 932 1005 965 puer
1028 923 1180 956 institutis

547 970 721 1003 Maximum
745 973 828 1004 vitae
851 972 989 1003 studium
1010 970 1170 1010 perennis,

547 1017 641 1050 Unde
665 1019 839 1058 praeclaris
863 1019 973 1050 rutilas
997 1017 1177 1058 triumphis,

592 1065 656 1096 Hic
681 1065 829 1096 didicisti.

491 1132 522 1164 3.
545 1130 592 1162 Es
615 1139 744 1171 memor,
770 1133 905 1171 quantae
926 1130 1002 1162 fidei
1025 1129 1125 1168 fuisti,

548 1176 625 1209 Cum
653 1179 722 1209 tuos
746 1177 847 1209 mollis
872 1178 944 1209 tulit
966 1178 1049 1209 unda
1076 1185 1211 1218 gressus,

546 1223 659 1256 Excito
689 1233 780 1256 cursu
804 1224 967 1256 Placidum
992 1223 1150 1263 profundo

591 1271 694 1302 Fonte
716 1272 838 1304 levasti.

490 1337 522 1368 4.
547 1336 633 1368 Illud
659 1339 707 1367 est
730 1337 812 1368 inter
837 1339 890 1368 tua
914 1337 1003 1377 signa
1024 1337 1118 1368 valde

546 1383 677 1415 Dulcius
702 1384 800 1422 nobis,
828 1384 910 1423 quod
937 1386 967 1415 et
991 1384 1052 1415 hac
1075 1384 1108 1415 in
1133 1392 1207 1414 arce

545 1429 708 1470 Languido
732 1439 871 1470 gressum
895 1431 987 1462 simul
1014 1434 1045 1462 et
1067 1431 1226 1470 loquelam

591 1476 775 1510 Restituisti.

486 1544 517 1574 5.
542 1542 605 1574 Hic
628 1543 709 1574 viam
734 1543 825 1584 longe
847 1544 968 1582 positus
993 1545 1124 1576 videbas

544 1588 687 1621 Panibus
710 1593 849 1632 stratam,
878 1589 999 1623 facibus
1026 1600 1199 1630 coruscum,

544 1635 611 1673 Qua
634 1642 725 1676 pater
749 1637 868 1669 coelum
892 1638 1085 1670 Benedictus
1110 1639 1184 1670 olim

590 1683 707 1715 Noster
731 1684 840 1717 adivit.

488 1749 518 1780 6.
546 1747 634 1786 Quod
660 1748 717 1780 libi
742 1750 899 1789 quondam
922 1751 991 1783 fieri
1016 1752 1157 1792 petebam,

541 1794 637 1835 Lege,
664 1797 720 1829 sub
751 1806 811 1836 qua
835 1807 892 1829 nos
916 1799 1019 1839 modo,
1046 1800 1185 1840 regulari

543 1841 691 1874 Graviter
715 1844 833 1884 vivenS,
859 1854 955 1885 prece
981 1846 1022 1878 da
1045 1855 1186 1887 perenne
1225 1876 1234 1882 „

585 1889 702 1923 Vivere
724 1891 826 1924 nobis.

484 1957 514 1990 7,
540 1956 614 1995 Ipse
638 1955 789 1990 fundator
812 1959 950 1997 placitae
975 1962 1089 2000 quietis

539 2002 642 2042 Hujus
666 2004 727 2036 hoc
750 2009 854 2039 tecum
878 2005 986 2049 faciat,
1009 2018 1167 2050 rogamuS,

542 2049 634 2091 Nam,
661 2052 744 2090 quod
770 2057 924 2097 optamus,
952 2056 1032 2087 bene
1057 2057 1083 2088 si
1110 2057 1226 2097 velitis,

586 2097 687 2130 Ferre
711 2101 854 2139 potestis.

481 2164 514 2196 8.
539 2163 628 2195 Velle
659 2165 715 2196 det„
736 2167 827 2198 vobis
848 2168 979 2207 pietatis
1003 2173 1125 2210 wicker,

540 2210 610 2242 Rex
634 2212 730 2251 Deus,
758 2222 825 2246 cum
853 2224 913 2254 quo
936 2216 1005 2247 sine
1029 2215 1092 2248 fine
1116 2220 1230 2257 regnat

540 2255 642 2290 Filius
668 2268 796 2299 compar
820 2262 877 2293 sed
904 2265 935 2294 et
957 2264 1123 2303 utriusque

589 2306 727 2345 Spiritus
753 2309 863 2340 almus.

300 2382 368 2411 Ood.
390 2383 524 2413 Gasinen.
547 2385 601 2415 280
621 2398 694 2417 saec.
717 2389 760 2418 11.
780 2406 819 2410 —
832 2392 983 2421 Vei-fasser
1002 2393 1043 2420 ist
1055 2394 1150 2431 Alph
1159 2404 1248 2425 anus
1268 2406 1340 2425 von
1360 2398 1380 2426 S
1389 2398 1495 2426 alerii
1503 2408 1529 2427 ο.
