1651 2621
719 129 977 165 —162-—

615 224 681 256 274.
710 224 754 255 De
774 222 880 255 saneto
899 219 1091 253 Iseonhardo.

205 363 236 395 1.
261 364 377 403 Pange,
403 361 520 401 lingua,
549 359 738 392 confessoris

309 408 491 441 Leonhardi
514 408 637 450 merita,

264 457 326 489 Cor
352 456 522 487 concordet
544 454 615 486 voci
640 454 713 495 oris,

309 503 388 542 EJus
413 501 496 534 festa
519 502 631 533 inclita

264 550 390 590 Augent
412 550 524 581 laudes
549 547 717 580 salvatoris

310 597 353 628 Et
378 597 523 628 relaxant
548 595 664 627 debita.

206 664 238 694 2.
264 662 370 694 Bonus
394 662 456 693 iste
479 670 589 693 servus
614 659 675 692 Dei

314 709 408 741 Ortus
433 707 494 739 fuit
517 707 663 744 Francia,

265 756 492 787 Praesentatur
518 753 710 785 Chlodovaei

310 803 409 833 Manu
432 801 464 833 in
491 801 632 838 ecclesia,

268 848 375 880 Crevit
397 856 487 889 puer,
512 847 568 878 sed
593 855 655 878 non
682 846 710 876 ei

313 895 493 926 Haeserunt
513 893 630 926 inania.

738 290 787 320 Ad
808 289 964 327 Vesperas.

878 359 910 391 3.
937 355 1089 389 Traditur
1112 353 1166 385 hic
1189 362 1208 384 a
1232 352 1365 392 parente

985 402 1078 435 Claro
1102 398 1293 439 magisterio,

937 449 1041 482 Discit
1067 449 1180 486 dogma
1202 453 1285 486 pura
1307 445 1413 475 mente

984 495 1048 527 Sub
1074 496 1184 525 sancto
1208 491 1363 530 Remigio,

937 542 1025 575 Petit
1049 549 1187 573 eremum
1210 539 1344 577 repente

987 589 1100 622 Gordis
1127 585 1297 619 desiderio.

880 658 912 689 4.
938 656 1037 689 Partu
1061 653 1186 694 angitur
1209 651 1329 690 regina,

985 701 1131 734 Medicus
1157 698 1343 740 exquiritur,

938 747 1121 782 Leonhardi
1143 746 1301 779 medicina

985 796 1092 836 Aegra
1116 804 1194 826 sana
1217 793 1376 833 redditur,

941 844 1029 877 Fons
1055 843 1193 881 erumpit
1216 842 1247 873 vi
1274 840 1391 879 divina,

989 889 1123 922 Sanctus
1148 888 1265 921 sanctis
1284 888 1437 928 jungitur.

565 960 595 991 5.
624 958 769 991 Glorioso
794 957 863 996 regi
885 957 954 988 Deo

668 1004 763 1044 Laus,
790 1004 900 1043 honor,
927 1002 1072 1044 victoria,

620 1051 844 1083 Leonhardum
868 1050 922 1089 qui
946 1050 1099 1089 trophaeo

668 1098 801 1129 Ornavit
825 1101 857 1127 et
879 1096 990 1138 gloria,

624 1144 804 1177 Gloriemur
827 1152 884 1175 nos
911 1151 981 1175 cum
1006 1151 1043 1174 eo

670 1191 785 1230 Spreta
809 1191 919 1222 mundi
944 1190 1057 1222 scoria.

279 1278 365 1305 Brev.
384 1286 438 1304 me.
458 1278 651 1305 Mantuanum
670 1283 745 1302 saec.
767 1273 812 1303 15.
846 1274 917 1302 Cod.
936 1273 1027 1302 Univ.
1045 1273 1208 1300 Patavinae
1227 1270 1294 1300 734.
1314 1272 1349 1299 A.
1363 1288 1400 1292 -—
1420 1273 1508 1300 Brev.

204 1315 432 1343 Humiliatorum
453 1316 520 1351 imp.
541 1314 702 1342 Mediolani
724 1310 806 1341 1483,
825 1312 859 1339 Β.
874 1328 911 1332 —
933 1310 957 1344 l,
980 1310 996 1339 6
1015 1311 1057 1338 Et
1074 1310 1148 1339 fehlt
1166 1311 1201 1338 A.
1215 1325 1253 1331 —·
1267 1308 1295 1344 4,
1316 1308 1333 1338 5
1353 1312 1386 1338 in
1405 1310 1510 1339 divina

203 1353 236 1381 B.
257 1368 294 1372 —
316 1352 340 1387 5,
362 1351 378 1380 5
399 1361 452 1380 nos
473 1351 546 1380 fehlt
564 1352 597 1379 B.

613 1490 679 1522 275.
709 1490 754 1521 De
773 1490 880 1522 sancto
901 1489 1092 1521 Leonhardo.

729 1558 775 1587 Ad
793 1557 985 1587 Nocturnum.

206 1628 237 1661 1.
263 1627 360 1660 Laxis
385 1627 541 1659 resultant
566 1626 694 1658 vocibus

261 1674 425 1714 Supernae
447 1674 558 1707 matris
583 1672 651 1716 filii,

262 1722 345 1754 Nam
369 1721 455 1753 orbis
478 1722 513 1753 in
538 1720 717 1753 climatibus

262 1769 349 1802 Odor
373 1769 517 1809 adspirat
539 1768 608 1800 lilii.

204 1838 235 1869 2.
260 1836 354 1875 Ecce,
378 1836 482 1874 justus
506 1837 542 1866 ut
565 1835 667 1867 lilium

259 1883 396 1916 Florens
420 1892 479 1922 per
502 1882 564 1915 Dei
588 1882 697 1922 filium,

263 1931 428 1963 Plantatus
455 1931 546 1962 domo
570 1930 708 1968 Domini,

262 1978 384 2009 Lumen
409 1977 536 2009 adsistit
560 1978 682 2010 lumini.

210 2046 240 2077 3.
267 2044 291 2076 Ο
314 2043 502 2076 Leonharde
526 2043 652 2084 nobilis,

269 2091 419 2122 Columna
445 2099 477 2122 es
501 2091 680 2131 immobilis,

269 2137 355 2169 Coeli
376 2137 438 2169 sita
460 2138 590 2178 palatio,

262 2183 389 2216 Fruens
415 2185 499 2216 omni
523 2185 646 2218 solatio.

208 2251 239 2284 4.
265 2249 367 2281 Natus
391 2248 587 2282 Francorum
609 2260 722 2291 genere

264 2297 349 2329 Puer
373 2297 511 2329 nutritur
534 2299 653 2340 tenere,

268 2343 485 2375 Chlodovaeus
510 2343 700 2383 baptismate

271 2390 374 2422 Levat
395 2389 523 2428 plenum
549 2392 746 2427 charismate.

882 1627 913 1658 5.
938 1626 1135 1659 Adolescens
1159 1625 1343 1665 spectabilis

941 1672 1056 1705 Mundi
1080 1682 1214 1713 pompas
1238 1673 1400 1706 instabilis

942 1720 1103 1760 spernens
1128 1721 1303 1753 Aivernam
1326 1724 1484 1762 properat

940 1767 986 1800 Et
1009 1769 1221 1800 Maximinum
1246 1769 1367 1802 visitat.

908 1860 914 1867 .
941 1835 1107 1875 Responso
1130 1839 1256 1876 sumpto
1282 1837 1416 1870 coelitus

940 1882 1020 1915 Mox
1044 1883 1151 1923 pergit
1174 1883 1390 1928 Aquitaniam,

941 1930 1084 1970 Reginae
1106 1929 1197 1964 flenti
1219 1933 1332 1964 anxius

941 1978 1050 2010 Stillat
1075 1979 1188 2011 salutis
1215 1980 1348 2021 copiam.

906 2070 914 2078 .
941 2045 992 2078 De
1016 2044 1105 2077 fonte
1129 2046 1248 2086 gaudet
1271 2045 1380 2088 fluido,

941 2092 1042 2125 Nobis
1072 2094 1113 2126 de
1137 2092 1226 2125 fonte
1249 2094 1359 2127 vivido

939 2140 987 2174 Ut
1009 2141 1218 2173 Leonhardus
1243 2142 1380 2183 hauriat,

941 2188 1001 2227 Qui
1026 2197 1080 2220 eor
1104 2188 1202 2222 salire
1226 2188 1334 2224 faciat

909 2279 917 2287 .
943 2253 1061 2286 Vivens
1086 2254 1212 2287 Christo
1237 2256 1431 2300 inhaeserat,

943 2301 996 2332 Ad
1007 2310 1097 2341 quem
1109 2305 1186 2342 post
1196 2306 1331 2336 mortem
1344 2309 1509 2348 properat,

946 2348 1094 2380 Adornat
1119 2350 1195 2382 Sion
1219 2352 1405 2395 thalamum,

946 2393 1106 2428 Dilectum
1132 2406 1266 2437 carpens
1290 2398 1401 2433 filium.
