1651 2621
149 2080 180 2113 1.

147 2283 179 2336 ,ευ

175 243 182 249 .
210 216 375 249 Torrentis
401 221 503 250 mutat
527 220 686 253 tramitem

180 1072 186 1077 .
212 1046 396 1079 Laudemus
423 1046 543 1080 Christi
567 1047 699 1078 Attaiae

695 124 928 160 „47-

841 224 870 256 7.
899 222 961 254 Hic
985 221 1161 254 infirmatus
1186 220 1325 262 graviter

900 270 1030 302 Crucem
1056 271 1125 302 orat
1149 269 1345 309 suppliciter,

897 317 951 349 Ad
974 317 1076 350 Deum
1104 317 1242 349 clamans
1262 314 1376 348 fortius

899 365 988 398 Coeli
1012 365 1102 397 videt
1125 364 1284 398 sublimia.

208 264 254 295 Et
278 263 412 298 fratrem
438 264 519 299 facit
542 268 705 310 sospitem,

209 311 295 344 Dum
319 313 382 345 sibi
407 313 518 347 reddit
541 315 700 360 poiiieem,

210 359 309 398 Quem
334 361 482 400 perdidit
503 362 637 396 incuria.

177 443 184 449 .
211 417 384 449 Puerulum
409 428 429 451 a
453 417 598 451 febribus
841 423 873 455 8.
899 422 938 454 In
961 421 1026 454 tine
1047 425 1140 454 vocat
1163 420 1276 460 socios,

210 464 310 497 Sanat
335 468 366 497 et
392 466 474 498 divis
499 467 643 508 vocibus,

210 511 353 544 Docetur
375 515 494 546 mentis
521 515 643 556 apicem
900 515 1015 556 Sicque
1039 517 1179 558 migrans
1204 516 1331 548 suavius

211 559 400 593 Levandum
426 562 468 594 ad
495 563 654 595 coelestia.
900 564 1026 604 Regnat
1050 565 1139 597 vivus
1164 564 1197 595 in
1219 564 1334 603 patria.

521 621 550 653 9.
579 619 678 657 Patri,
709 622 794 659 nato,
821 620 978 660 paraclito

577 666 693 705 Decus,
720 666 821 699 honor
846 670 878 699 et
899 669 1010 708 gloria,

577 714 687 746 Sancti
711 714 778 747 sint
800 715 894 755 hujus
919 715 1032 747 merito

579 760 682 794 Nobis
707 765 839 795 aeterna
862 762 988 804 gaudia.

229 824 311 854 Offio.
334 835 387 854 ms.
408 827 590 873 Bobbiensia
609 835 684 855 saec.
707 824 752 854 15.
793 827 863 856 Οοᾱ.
884 828 1042 856 Tam-ineu.
1063 829 1087 856 F
1106 829 1137 857 11
1156 826 1201 856 22.

899 469 981 508 Quos
1007 467 1076 501 fore
1101 470 1169 509 pios
1194 469 1334 508 instruit,

618 919 664 951 73.
696 919 739 951 De
760 920 868 951 saneto
891 920 1011 952 Attala.

713 987 762 1017 Ad
781 987 909 1018 Laudes.

842 1048 875 1080 4.
900 1047 991 1079 Tunc
1015 1046 1167 1079 Sinoaido
1191 1046 1336 1085 inquiens

214 1092 414 1126 Confessoris
441 1094 652 1126 constantiam

213 1141 321 1174 Multa
345 1141 516 1181 splendent
540 1141 694 1177 miracula

213 1188 276 1221 Per
305 1189 410 1229 ipsum
435 1189 468 1220 in
495 1189 639 1221 ecclesia.

213 1245 380 1278 Fluviolus
405 1254 477 1277 nam
503 1245 597 1278 Bobii

213 1293 413 1326 Excrescens
438 1293 524 1325 ultra
549 1294 700 1325 terminos

214 1340 436 1374 Molendinum
463 1340 606 1373 coenobii

215 1388 352 1422 Suffodit
377 1389 464 1421 unda
487 1388 628 1421 turbida.

181 1471 188 1478 .
215 1445 400 1486 Agribodus
425 1446 623 1486 prospiciens

218 1493 339 1527 Cuncta
364 1493 496 1526 videbat
521 1494 614 1534 dirui,

215 1540 367 1573 Festinus
392 1541 527 1574 clamat:
554 1549 573 1573 0
597 1543 700 1582 pater,

216 1589 373 1622 Succurre
398 1597 494 1628 prece
519 1588 667 1629 supplici.

900 1095 959 1126 Ait
981 1094 1093 1126 beatus
1119 1094 1246 1126 Attala:

903 1142 992 1182 Cum,
1018 1150 1078 1181 quo
1104 1145 1275 1181 sustentor,
1300 1140 1412 1172 baculo

901 1189 949 1221 Tu
981 1188 1096 1221 flumen
1120 1189 1201 1221 illud
1226 1189 1367 1229 increpa.

868 1272 874 1279 .
902 1247 1044 1286 Accepto
1068 1255 1203 1286 namque
1229 1245 1341 1278 baculo

902 1294 954 1326 Ex
976 1293 1041 1326 fide
1064 1295 1157 1326 sedat
1177 1292 1316 1333 fiuvium,

903 1341 946 1373 Et
971 1342 1027 1380 sic,
1054 1342 1107 1382 qui
1134 1344 1202 1374 erat
1225 1341 1391 1380 maximus,

901 1388 1071 1421 Decrescit
1095 1393 1127 1421 et
1151 1388 1189 1421 fit
1212 1389 1350 1423 humilis,

869 1471 875 1477 .
901 1445 952 1478 Tu
976 1446 1029 1486 qui
1051 1450 1161 1486 portas
1186 1448 1329 1479 aromata

903 1493 1052 1526 Dimissis
1076 1493 1187 1527 mundi
1211 1493 1367 1534 turpibus,

903 1541 971 1573 Nos
995 1544 1100 1574 tecum
1125 1541 1187 1574 duc
1211 1541 1253 1573 ad
1280 1541 1399 1573 coelica

903 1590 964 1622 Pro
991 1590 1053 1621 tuis
1078 1590 1197 1621 sanetis
1221 1589 1382 1630 precibus

547 1648 579 1679 7.
605 1646 656 1678 Sit
679 1646 739 1678 tibi
761 1654 888 1686 semper
913 1646 1016 1686 gloria

601 1694 626 1727 Ο
651 1693 736 1739 Eloi,
763 1703 781 1726 o
806 1694 952 1737 Domine,

600 1743 698 1782 Quem
723 1742 892 1775 adoramus
920 1741 1056 1774 dulciter

603 1791 642 1822 In
665 1790 819 1822 trinitatis
844 1790 981 1822 nomine.

229 1855 311 1884 offic.
334 1865 386 1883 mS.
409 1856 589 1883 Bobhiensia
609 1863 684 1883 saec.
709 1853 751 1883 15.
794 1854 862 1883 Cori.
883 1856 1042 1884 Tauriuen.
1064 1855 1087 1883 1⁴*
1107 1855 1137 1883 11
1157 1853 1194 1882 22

515 1948 563 1980 74.
596 1947 631 1979 In
656 1947 862 1980 conversione
883 1956 908 1979 s.
928 1947 1106 1988 Augustini.

684 2016 733 2046 Ad
752 2016 945 2047 Nocturnum.

208 2077 311 2113 Auxit
338 2086 478 2110 errorem
499 2076 609 2109 nubilo

206 2127 405 2167 Augustinus
430 2126 464 2158 in
492 2126 648 2166 dogmate,

208 2175 287 2208 Mox
311 2174 418 2206 lumen
444 2173 554 2206 reddit
578 2174 706 2206 saeculo

207 2224 351 2256 Renatus
376 2222 410 2254 in
434 2222 639 2262 baptismate.

205 2278 419 2321 Blasphemos
446 2279 565 2312 Christi
591 2278 745 2321 confutat,

205 2328 320 2361 Polum
344 2327 408 2360 Dei
437 2328 656 2368 circumvolat,

206 2376 336 2411 Cultum
365 2375 496 2408 deorum
522 2374 662 2416 abdicat,

204 2426 311 2459 Unum
339 2423 505 2456 colendum
529 2431 687 2458 reseranS.

841 2079 872 2110 3.
900 2073 992 2111 Cedit
1014 2076 1142 2118 gentilis
1166 2076 1290 2109 vanitas

899 2125 1039 2158 Deorum
1064 2133 1177 2165 pressa
1199 2124 1352 2164 pondere,

898 2172 1017 2215 Fulget
1041 2172 1150 2206 divina.
1173 2173 1291 2205 veritas

895 2221 960 2254 Pro
987 2221 1069 2253 lucis
1094 2223 1163 2252 orto
1188 2220 1305 2255 sidere,

839 2280 871 2312 4.
897 2276 1028 2319 Doctor,
1055 2278 1220 2311 doctorum
1246 2278 1394 2321 optimus,

898 2326 946 2361 Ut
968 2334 1095 2358 sacrum
1119 2326 1233 2367 dogma
1256 2327 1403 2367 protulit,

896 2374 1035 2407 Miratus
1062 2376 1110 2406 est
1135 2373 1360 2416 Hieronymus,

898 2422 992 2456 Clara
1016 2422 1097 2455 fides
1123 2422 1260 2458 emicuit,
