1651 2621
690 103 933 139 *49-

237 198 324 225 Brev.
346 206 398 225 ms.
412 198 727 235 Romano-Angustia
751 207 826 227 saec.
842 197 886 227 15.
922 198 991 226 cod.
1006 199 1110 228 senen.
1125 198 1148 226 F
1166 198 1233 226 vn.
1247 196 1274 225 4.
1288 197 1323 226 A.
1340 211 1373 216 .-
1388 196 1473 224 ssrov.

159 243 213 262 ms.
237 235 545 272 Romano-Angustia.
564 245 641 264 saec.
667 234 710 264 15.
753 237 822 264 Coa.
843 238 938 273 Cupit·
958 238 1092 265 Patavin.
1113 237 1138 265 A
1159 234 1203 265 (54.
1224 237 1256 264 B.
1277 250 1314 255 —-
1334 233 1366 267 2,
1392 232 1409 262 2
1429 243 1472 261 rc-

159 272 268 300 velasti
288 273 324 300 A.
347 287 381 292 -—
404 272 434 306 7,
456 271 474 302 3
495 276 545 301 tuo
566 277 667 302 sancto
688 277 770 311 gregi
791 275 824 302 Β.
845 288 882 294 ——
902 273 934 309 3,
956 274 976 303 4
994 276 1036 303 Te
1056 276 1130 303 sorte
1150 276 1244 303 eibum
1266 275 1298 302 Β,
1320 287 1353 292 --
1376 274 1432 301 Str.
1454 270 1475 299 4

159 309 220 337 und
243 308 260 338 5
281 311 452 347 umgestellt
470 312 503 339 Β.
524 326 562 332 —
581 311 608 347 4,
632 311 646 340 1
669 312 779 340 Cuncte
800 313 914 341 audivit
933 314 971 347 133
996 313 1126 341 radiatus
1149 314 1180 341 Β.
1202 328 1240 332 -
1259 311 1284 348 5,
1309 310 1323 339 1
1343 311 1473 339 Tauris-m

159 348 283 384 exponit.
300 348 333 376 B.
355 363 394 368 -—-
415 347 442 383 5,
462 347 481 377 2
493 350 537 377 Te
555 351 736 378 infernorum
756 360 871 388 semper
890 354 920 379 et
937 351 971 379 A.
992 366 1029 370 -—
1051 350 1077 386 5,
1098 349 1116 380 3
1136 352 1230 388 pretio
1251 352 1345 379 crucis
1358 349 1417 378 AB.
1436 364 1473 369 -—

159 383 186 419 5,
207 384 227 413 4
247 385 391 415 deformat
409 386 445 415 A.
465 402 504 407 -—
523 387 551 421 7,
572 385 590 416 3
612 390 693 421 Quae
717 389 803 417 nobis
825 389 857 417 Α.
881 405 916 409 --

522 518 567 549 76.
599 518 635 550 In
654 518 875 550 [translatione
897 527 921 550 s.
941 518 1119 559 Augustini.

661 595 710 625 Ad
728 595 818 634 Vcsp.
840 599 870 626 et.
889 596 975 626 Noct.

159 663 191 696 1.
218 663 406 705 Augustine,
433 665 490 696 lux
516 664 681 697 doctorum
848 666 880 698 4.
907 665 1040 698 Sumunt
1075 666 1160 698 docti
1181 675 1274 699 sacra
1297 664 1363 698 fide

266 712 391 744 Canens
419 712 617 752 palinodium
956 714 1163 746 decernentes
1187 713 1331 753 firmiter,

219 758 409 792 Sublimaris
433 760 468 791 in
492 769 632 799 superna
908 762 1039 793 Sacrum
1065 770 1179 801 corpus
1204 760 1389 793 famebundi

266 816 393 847 semper
419 808 557 849 gliscens
582 807 723 851 aethera,
953 808 1127 841 sublimare
1152 809 1275 847 celsius,

219 855 359 894 Quorum
383 855 456 888 luce
480 857 632 888 reserasti
907 856 954 889 Ut
976 860 1169 897 proponunt,
1196 859 1404 897 exsequentes

264 903 382 935 Terras
410 905 539 935 cunctas
564 903 653 935 fidei.
953 906 1079 944 gestant
1109 904 1143 936 in
1168 904 1359 938 Sardiniam.

158 962 190 993 2.
217 960 321 993 Tuum
345 961 457 1000 larem,
483 964 575 1000 pater
600 961 722 1001 vigens
849 962 882 994 5.
909 961 1030 1001 Gaude,
1056 962 1186 1000 praesul
1212 962 1366 1003 agonista,

263 1008 471 1050 subjugantes
495 1008 627 1041 barbari
954 1009 1154 1040 nanciscator
1177 1008 1265 1051 fidei,

217 1055 437 1088 Trucidarunt
462 1058 494 1087 et
518 1055 662 1088 alumnos
906 1056 1008 1088 Tuum
1035 1065 1148 1096 corpus
1174 1057 1269 1096 plebe
1293 1056 1429 1090 fratrum

264 1104 441 1136 incolentes
467 1104 599 1143 pariter,
953 1103 986 1135 in
1012 1102 1106 1135 ferali
1131 1104 1291 1136 schemate

215 1151 324 1192 Atque
349 1154 437 1183 tuum
463 1151 580 1183 almum
607 1160 722 1191 corpus
905 1150 1033 1183 Summa
1058 1152 1159 1184 virtus
1184 1153 1248 1184 alte
1272 1152 1387 1191 pandit

267 1197 510 1231 contrectabant
536 1199 683 1240 turpiter.
951 1207 1030 1239 prae
1057 1199 1210 1231 donorum
1237 1200 1358 1240 gratiis.

156 1260 188 1291 3.
216 1256 382 1290 Idolatrae
407 1258 439 1288 te
465 1255 640 1288 foedabant
848 1257 878 1288 6.
904 1255 1068 1288 Elucescit
1094 1257 1178 1288 velut
1203 1265 1296 1288 mane

264 1303 411 1336 veritatis
437 1303 564 1344 aemuli,
953 1305 1040 1336 tuum
1064 1304 1153 1336 sidus
1181 1304 1311 1345 caelibe,

217 1352 294 1385 Oum
320 1352 526 1391 sepulchrum
551 1350 774 1391 spurcitabant
904 1351 981 1383 Cum
1009 1351 1161 1383 dextralis
1189 1352 1317 1384 deitatis

263 1399 327 1432 ritu
353 1399 535 1439 idolatriae,
953 1396 1024 1430 fusa
1047 1400 1118 1431 luce
1143 1400 1255 1431 rutilas

213 1447 311 1481 Unde
335 1450 421 1479 tuam
447 1449 591 1479 sanctam
616 1446 740 1478 thecam
903 1446 1010 1486 Atque
1035 1447 1133 1487 signis
1159 1447 1251 1478 almis
1276 1448 1396 1479 micans

263 1495 457 1527 ordinabant
480 1495 650 1528 stabulum.
954 1493 1104 1526 decoratu
1126 1494 1267 1527 redimis.

549 1553 579 1585 ’7.
607 1551 727 1589 Honor,
756 1550 852 1582 decus
878 1551 1022 1591 genitori,

653 1599 696 1630 sit
718 1599 788 1630 laus
813 1602 922 1631 sancto
943 1597 1071 1641 flamini,

604 1646 834 1679 Sacros-anctae
858 1646 996 1678 trinitati

651 1695 737 1727 salus
768 1697 800 1726 et
822 1694 1002 1736 imperium,

603 1742 642 1775 In
666 1751 730 1782 qua
753 1751 862 1775 sumus
887 1750 945 1774 nos
973 1741 1058 1774 beati

652 1790 743 1823 verbi
772 1791 874 1830 patris
898 1790 1051 1830 praemio.

228 1859 315 1887 Brev.
346 1866 400 1886 ms.
420 1857 735 1893 Romano-Angustia
765 1864 840 1884 saec.
863 1853 907 1884 15.
950 1855 1019 1884 (jod,
1041 1854 1135 1889 Capit.
1156 1856 1295 1884 Patavini
1314 1857 1339 1884 A
1367 1855 1411 1885 154.
1435 1871 1473 1876 —-

155 1896 180 1932 1,
205 1896 224 1925 2
244 1897 440 1935 palidonium.
459 1912 498 1916 -—
519 1894 546 1930 1,
567 1894 584 1923 6
606 1896 700 1923 Terra
718 1897 832 1923 euncta.
852 1909 889 1914 -—
910 1894 938 1925 3,
959 1893 976 1922 5
997 1897 1131 1922 sanctam
1151 1894 1237 1922 tecla.
1257 1910 1292 1915 ——
1314 1894 1341 1928 5,
1363 1893 1380 1922 2
1403 1905 1472 1923 nam

153 1938 288 1965 uiscator.
309 1950 347 1954 —-
368 1934 401 1969 5,
428 1934 446 1962 5
468 1935 527 1962 alte
547 1933 656 1971 pendit.
679 1948 714 1953 —
736 1932 768 1969 5,
795 1931 811 1960 6
834 1934 904 1961 Lies
925 1941 977 1968 pro
999 1933 1160 1960 donomm'?
1179 1947 1217 1952 —
1239 1931 1267 1966 6,
1291 1931 1304 1959 1
1326 1942 1369 1969 sq.
1396 1935 1472 1962 ·.-‘›lut

151 1975 328 2003 matutinum
349 1974 442 2002 sidus.

515 2105 560 2136 77.
590 2104 626 2136 In
644 2101 868 2138 &translatione
887 2110 912 2133 s.
933 2100 1110 2141 Augustini.

716 2181 764 2211 Ad
784 2179 912 2211 Laudes.

156 2256 184 2289 l.
210 2253 408 2293 Augustinus
434 2253 567 2286 deificus
842 2252 874 2283 2.
900 2249 1043 2285 Erutilat
1067 2250 1223 2291 prodigiis

212 2303 342 2336 Arcana
366 2300 445 2341 legis
470 2301 616 2334 lucidans
898 2298 1092 2338 Depressum
1121 2308 1236 2340 corpus
1261 2299 1410 2339 turpiter,

212 2349 359 2388 Superno
384 2347 455 2381 fuso
480 2348 598 2384 lumine
902 2347 981 2380 Cum
1006 2345 1110 2379 fertur
1136 2346 1175 2379 de
1199 2347 1364 2388 Hipponia

213 2398 278 2430 Per
303 2398 405 2428 totum
430 2397 537 2429 orbem
564 2396 684 2429 rutilat.
900 2395 1087 2428 Locandum
1110 2395 1143 2428 in
1170 2395 1361 2429 Sardiniam.

208 2456 337 2483 Dravus,
353 2454 442 2483 Hymni
454 2454 552 2478 Inediti.
1280 2450 1299 2479 4
