1651 2621
722 141 977 176 —236-

202 237 233 269 3.
260 235 363 275 Hujus
389 239 479 268 oratu
503 238 662 277 supplices
878 238 910 270 4.
936 236 1062 269 Mentes
1086 235 1240 267 accendat
1265 235 1391 277 caritas,

262 284 434 315 Precamur
456 287 551 323 atque
573 285 714 327 humiles,
935 285 1012 324 Igne
1035 282 1230 315 flammescat
1253 283 1385 321 animus,

262 330 377 362 Pacem
402 331 539 362 concede
564 332 713 375 cordium,
935 331 1051 363 Divino
1077 338 1201 369 semper
1224 338 1354 361 munere

261 377 372 409 Vitare
395 378 498 409 labem
524 378 697 410 criminum.
937 377 990 409 Sic
1013 378 1173 418 vigeamus
1198 377 1366 417 perpetim.

562 437 592 467 5.
619 436 764 467 Praestet
787 434 846 467 hoc
870 436 941 475 ipsa
965 434 1090 466 trinitas

615 482 718 514 Patris
743 483 880 523 natique,
904 481 1027 522 pariter

616 529 748 561 Sanctus
773 529 934 561 amborum
959 528 1099 569 spiritus,

617 575 736 607 Cuncta
759 576 935 615 gubernans
960 575 1096 609 saecula.

278 648 386 682 Hymn.
415 658 468 676 ms.
497 649 675 676 Benedictin.
705 657 779 676 saec.
812 647 856 678 13.
906 649 973 677 Cod.
1004 649 1096 685 Capit.
1128 648 1322 676 Mediolanen.
1353 657 1375 675 s.
1403 656 1431 674 n.
1458 662 1496 667 --

204 683 233 721 4,
256 683 270 712 1
291 685 397 714 Gentes
417 686 565 714 accendat.
585 702 620 707 -—
641 686 708 722 Vgl.
727 687 812 715 Anal.
831 688 876 715 IV
875 707 883 721 ‚
906 685 967 715 169.

606 806 674 837 402.
704 805 747 837 De
767 808 877 838 sancta
899 806 1093 845 Radegunde.

200 885 232 918 1,
256 884 379 924 Regina
401 893 486 916 nunc
511 884 700 928 dignissima,
887 887 917 920 6.
943 886 1008 919 Ubi
1033 895 1125 926 quam
1149 889 1259 918 sancte
1283 885 1407 922 vixerit,

257 931 462 972 Radegundis
484 932 690 973 sanctissima,
942 933 1008 972 Qua
1032 933 1135 973 gratia
1159 932 1295 972 emicuit,

260 978 344 1016 Quae
369 978 501 1018 gesserit
523 978 667 1021 insignia,
945 979 1019 1017 Quis
1042 979 1213 1012 virtutibus
1238 978 1374 1018 fulserit,

259 1024 370 1055 Laude
395 1033 540 1055 canamus
567 1025 682 1057 debita.
943 1025 1084 1058 Narrare
1107 1034 1198 1057 nemo
1222 1025 1351 1058 sufficit.

202 1082 234 1112 2.
261 1080 345 1118 Quae
369 1080 456 1119 regio
482 1080 522 1112 de
545 1081 684 1119 germine
887 1084 916 1115 7.
942 1082 1090 1114 Matrona
1115 1083 1188 1114 dum
1212 1082 1363 1114 Aleubila

260 1126 446 1166 Captivatur
469 1127 619 1167 puellula,
942 1130 1084 1161 vexatur
1107 1129 1291 1161 adversario

255 1173 373 1205 Christi
395 1182 501 1205 amore
525 1173 633 1205 dedita
945 1175 1022 1207 Cute
1046 1179 1195 1215 crepante
1220 1177 1360 1216 scapula,

256 1219 336 1259 Regi
360 1229 422 1251 non
447 1222 559 1259 sponte
579 1221 730 1260 jungitur.
938 1222 1094 1255 Reddidit
1117 1232 1225 1254 sanam
1249 1223 1386 1263 publice.

198 1277 229 1308 3.
260 1275 362 1314 Caste,
388 1276 513 1317 pudice,
542 1277 647 1308 sobrie
883 1280 915 1312 8.
941 1278 1130 1311 Monacham
1155 1279 1250 1311 valde
1274 1280 1470 1323 languidam,

256 1322 381 1361 Degens
408 1331 476 1353 cum
502 1331 536 1353 eo
560 1324 670 1356 sedule
940 1325 1096 1365 Tempore
1118 1326 1212 1366 longo
1236 1327 1385 1368 gelidam,

254 1368 412 1400 Virtutum
437 1369 551 1400 crescit
576 1371 715 1413 cumulis,
938 1372 1060 1411 Tepido
1083 1374 1193 1405 lavans
1215 1373 1328 1406 balneo

254 1415 430 1447 Decoratur
456 1418 487 1446 et
509 1417 658 1450 moribus.
939 1418 1067 1452 Sanavit
1092 1423 1179 1451 artus
1203 1421 1336 1453 saucios.

195 1472 228 1505 4.
253 1471 453 1512 Elcmosynis
477 1472 621 1511 plurimis
880 1477 911 1508 9.
937 1475 1007 1515 Die,
1034 1485 1094 1516 quo
1119 1479 1230 1508 sancta
1253 1478 1391 1518 transiit,

254 1518 406 1549 Insistens
432 1521 463 1549 et
487 1519 626 1561 jejuniis,
937 1522 976 1553 In
1005 1524 1126 1555 coelum
1151 1524 1291 1563 gaudens
1316 1525 1405 1565 abiit,

255 1564 377 1597 Vacans
401 1565 594 1597 orationibus
936 1569 979 1600 Et
1003 1579 1107 1602 coram
1131 1579 1193 1602 vox
1219 1572 1362 1612 angelica

255 1611 299 1642 Et
323 1612 383 1649 piis
409 1612 595 1647 actionibus.
939 1616 1060 1648 Audita
1084 1621 1133 1648 est
1155 1618 1188 1648 in
1214 1627 1298 1652 aera.

197 1668 230 1699 5.
255 1667 413 1707 Deinceps
436 1670 541 1699 mente
565 1672 596 1700 ct
620 1678 750 1709 corpore
873 1672 925 1705 10.
939 1672 1032 1704 Hanc
1058 1674 1154 1713 igitur
1177 1676 1320 1713 quotidie

251 1714 363 1746 Divisa
388 1717 436 1746 est
459 1724 477 1746 a
502 1717 642 1756 conjuge,
938 1718 1047 1751 Mente
1070 1725 1213 1759 petamus
1238 1723 1408 1763 supplices,

250 1761 365 1792 Mundi
389 1762 485 1793 vitam
510 1762 648 1794 deseruit
939 1766 986 1798 Ut·
1007 1767 1073 1798 suis
1097 1768 1335 1813 interventibus,

252 1807 297 1839 Et
319 1809 523 1840 monasticam
548 1810 650 1848 petiit.
937 1812 1004 1844 Nos
1029 1817 1134 1847 servet
1157 1824 1176 1846 a
1199 1818 1396 1852 nocentibus

612 1866 666 1899 11.
694 1865 804 1899 Gloria
827 1868 895 1906 tibi,
920 1868 1063 1904 Domine.

269 1938 361 1966 Psalt.
381 1947 434 1966 ms.
453 1939 481 1966 S.
502 1939 650 1968 Ambrosii
668 1941 864 1969 Mediolanen.
887 1950 962 1970 saec.
982 1941 1056 1972 14115.
1088 1945 1156 1973 Cod.
1178 1946 1362 1975 Ambrosian.
1382 1949 1413 1976 H
1435 1948 1489 1978 159

193 1976 244 2004 inf.
265 1990 302 1994 -—
322 1974 352 2012 3,
373 1976 392 2004 4
412 1977 569 2005 Decolatur
586 1979 740 2006 emoribus.
761 1993 799 1999 —-
819 1978 849 2014 5,
870 1979 890 2007 4
908 1981 949 2008 Et
967 1983 1173 2011 monaheicam.
1193 1998 1230 2003 -η
1251 1983 1277 2018 6,
1298 1984 1315 2013 3
1336 1986 1429 2020 Quod.
1452 2005 1486 2008 —

189 2013 226 2047 7,
249 2012 264 2041 1
284 2013 358 2042 Acta
378 2014 428 2042 SS.
449 2015 522 2050 Aug.
543 2016 604 2049 m,
629 2013 665 2043 73
687 2016 716 2043 G.
737 2017 827 2045 heisst
846 2018 925 2046 diese
943 2019 1077 2048 Matrone
1095 2021 1234 2057 Leubi1a3
1262 2023 1317 2051 lies
1337 2025 1490 2054 vielleicht

188 2052 326 2079 Matrona
345 2053 486 2089 quaedam
506 2053 650 2081 Leubila?
670 2068 707 2072 —
727 2053 753 2087 7,
773 2052 791 2083 3
811 2058 952 2091 trepante.
972 2072 1010 2077 —
1030 2056 1055 2093 9,
1077 2056 1094 2086 3
1114 2059 1156 2086 Et
1174 2060 1266 2088 colem
1286 2070 1352 2089 vox.

620 2173 688 2205 403.
720 2174 764 2204 Dc
784 2177 890 2207 sancto
910 2176 1037 2209 Renato.

187 2251 220 2283 1.
243 2250 384 2290 Benigne
406 2252 503 2292 Deus,
529 2253 677 2291 precibus
863 2257 895 2289 2.
922 2256 980 2295 Qui
1004 2258 1117 2289 relicta
1139 2259 1304 2293 Pannonia

244 2297 341 2340 Fave,
363 2302 510 2340 regnator
535 2301 662 2341 optime,
925 2304 1022 2336 Venit
1045 2308 1153 2345 partes
1178 2306 1348 2349 Ausoniae,

246 2345 361 2377 Renati
383 2347 495 2378 summi
519 2349 685 2390 praesulis,
922 2350 989 2389 Quo
1014 2361 1140 2393 gregem
1167 2354 1285 2388 Christi
1308 2358 1443 2391 arduum

243 2392 310 2424 Nos
336 2392 404 2425 fore
428 2394 538 2434 dignos
564 2405 760 2436 quaesumus.
926 2397 1045 2432 Canem
1069 2402 1217 2441 prosequi
1241 2404 1389 2438 instruat.
