1651 2621
684 110 936 145 —180-

167 215 199 247 5.
227 214 308 247 Inde
333 213 433 244 caecis
456 209 650 251 impenditur

223 260 365 293 Luminis
395 257 586 300 beneficium,

224 308 354 341 Claudis
378 314 503 347 gressus
530 305 686 345 dirigitur,

225 354 377 387 Membris
404 355 497 386 datur
521 351 671 384 officium.

843 207 873 238 6.
900 205 949 237 De
974 204 1039 236 vita
1063 203 1202 243 gaudent
1224 205 1350 245 mortui,

898 251 1002 285 Tabes
1027 250 1146 290 leprosi
1171 247 1305 290 fugiunt,

900 300 1014 331 Votum
1039 299 1206 337 reportant
1230 297 1355 338 singuli,

897 347 949 379 Ad
977 347 1121 378 Marcum
1148 344 1200 384 qui
1223 342 1416 383 confugiunt.

553 411 584 442 7.
610 408 786 447 Paralysim
811 404 981 437 salubriter

608 456 703 488 Curat
729 454 828 486 crucis
854 452 1024 492 signaculo,

606 503 747 534 Daemon
772 499 899 540 fugatur
922 499 1044 539 pariter

604 550 654 581 Ab
681 548 814 580 hominis
840 546 1006 586 ergastulo.

242 619 323 646 Brev.
356 625 407 643 ms.
437 617 504 651 Troj
508 623 594 643 anum
623 622 698 642 saec.
732 611 774 641 15.
822 612 889 640 Cod.
918 610 1104 647 Neapolitan.
1135 609 1178 636 VI
1208 607 1236 634 Ε
1269 604 1311 634 16.
1344 620 1379 625 ——
1410 606 1466 633 Am

167 655 304 683 Schlusse
324 656 400 681 noch
420 654 469 681 der
489 653 604 689 Anfang
625 652 675 680 der
694 651 872 687 Doxologie:
891 651 954 677 Deo
975 649 1054 684 patri
1073 649 1113 675 sit
1132 647 1237 683 gloria

562 761 629 793 303.
658 761 702 792 De
724 769 746 791 s.
767 760 869 791 Marco
893 759 929 790 (le
949 758 1065 789 Bivino.

683 837 731 867 Ad
752 836 941 867 Nocturnum¹

166 910 196 942 1.
223 909 330 940 Teana
353 907 470 946 plaude
492 907 614 946 civitas,

223 954 343 986 Illustri
369 954 437 986 cive
461 954 581 995 inclita,

221 1002 259 1033 In
285 1010 345 1040 qua
364 1001 450 1040 viget
474 1000 609 1033 felicitas

222 1048 282 1079 Per
306 1048 407 1079 sancti
430 1047 534 1080 Marci
557 1048 680 1079 merita.

165 1107 195 1137 2.
223 1104 317 1142 Quasi
341 1104 422 1143 lapis
447 1104 479 1134 in
504 1105 618 1135 annulo

221 1151 383 1183 Pretiosus
409 1151 545 1190 emicuit,

225 1197 372 1230 Caritatis
397 1198 428 1229 in
453 1198 577 1229 vinculo

221 1246 309 1277 Inter
335 1245 478 1276 concives
505 1244 628 1276 claruit.

167 1302 196 1333 3.
223 1299 300 1332 Post
325 1301 442 1340 accipit
465 1301 600 1332 Luceria

224 1348 385 1379 Pastorem
410 1348 492 1379 hunc
515 1347 701 1387 piissimum,

225 1395 321 1433 Quem
345 1394 447 1431 tellus,
475 1395 605 1436 coelum,
630 1394 730 1426 maria

227 1440 337 1471 Laude
364 1441 472 1472 dicunt
497 1441 722 1480 dignissimum.

844 907 874 939 4.
899 906 1004 938 Corda
1028 905 1187 936 laetantur
1212 902 1375 935 hominum

902 953 951 984 De
981 956 1045 985 tam
1070 952 1236 991 praeclaro
1261 948 1418 990 praesule,

899 1000 1010 1031 Marco
1038 1007 1191 1030 consensu
1216 996 1353 1029 omnium

899 1046 1011 1078 Honor
1036 1046 1172 1077 donatur
1196 1043 1326 1075 infulae.

866 1129 873 1136 .
902 1102 1022 1141 Corpus
1048 1101 1195 1133 Bivinum
1222 1100 1372 1135 continet,

901 1149 1003 1181 Situm
1027 1148 1141 1180 montis
1165 1149 1197 1179 in
1225 1147 1370 1184 cuimine,

899 1197 962 1228 Hic
984 1196 1089 1228 Marci
1113 1195 1266 1235 templum
1292 1195 1417 1234 eminet,

901 1245 979 1276 Aua
1005 1246 1124 1274 tectum
1149 1243 1320 1274 testudine.

866 1324 873 1331 .
900 1301 936 1332 ln
967 1308 1027 1339 quo
1052 1301 1196 1339 pulsatus
1221 1298 1371 1330 laudibus

900 1347 1029 1379 Marcus
1054 1347 1140 1378 lucet
1163 1346 1335 1384 miraculis,

900 1394 971 1426 Hoc
995 1403 1070 1426 vere
1094 1396 1183 1434 patet
1207 1393 1351 1425 omnibus

905 1441 997 1473 Clare
1021 1442 1190 1473 multorum
1216 1441 1326 1473 oculis.

528 1498 558 1528 7.
587 1497 674 1529 Coeli
702 1497 824 1529 locatus
848 1497 988 1537 sedibus,

583 1544 699 1575 Laetus
726 1543 843 1575 Christi
865 1545 1055 1583 praesentia,

581 1591 620 1621 In
646 1593 732 1621 terra
755 1591 987 1629 postulantibus

582 1636 731 1676 Largitur
755 1636 918 1671 beneficia

243 1700 325 1727 Br.ev
355 1707 406 1727 ms.
434 1699 600 1734 Tlojanum.
634 1708 708 1728 saec.
738 1699 781 1728 15.
829 1700 1177 1736 Cod.Neap01itan.V1
1204 1700 1230 1727 E
1258 1700 1300 1729 16.
1329 1717 1367 1722 —
1394 1701 1468 1738 1,1

169 1737 254 1764 Eana
273 1737 387 1773 plaude.
402 1751 439 1755 —
458 1735 482 1770 1
503 1736 520 1764 2
540 1739 625 1765 cives.
641 1753 678 1757 —
699 1735 724 1771 3
739 1736 833 1771 3Que
845 1741 929 1766 tenus
944 1739 1063 1765 eoelum.
1080 1736 1157 1772 —5‚
1177 1737 1277 1767 4A1ta
1292 1739 1411 1768 dietum.
1432 1755 1467 1760 —-

168 1775 222 1802 Am
237 1774 373 1802 Schlusse
393 1774 468 1802 noch
484 1775 600 1811 Anfang
620 1775 669 1803 dei
687 1776 862 1812 Doxologie:
887 1776 948 1804 Deo
969 1776 1055 1811 patri.

572 1885 639 1917 304.
669 1886 712 1916 De
729 1886 838 1918 sancta
857 1886 1048 1927 Margareta.

704 1962 752 1991 Ad
773 1961 928 2000 Vesperas.

169 2030 198 2061 l.
225 2028 348 2069 Urgent
370 2028 485 2060 festiva
509 2029 624 2070 gaudia

226 2075 291 2107 Nos
314 2076 398 2108 laeta
422 2085 499 2108 voce
521 2077 670 2118 psallere,

229 2122 420 2162 Margaritae
441 2125 610 2163 praeconia

225 2169 348 2202 Devota
369 2174 474 2202 mente
496 2180 651 2210 promere.

169 2227 198 2258 2.
226 2227 328 2257 Instat
352 2226 458 2259 furens
485 2228 633 2268 Olybrius

227 2272 344 2314 Captus
373 2283 478 2306 amore
502 2276 643 2315 virginis,

226 2320 358 2352 Pulsans
385 2330 452 2353 eam
476 2326 511 2353 ut
537 2323 655 2366 ebriuS,

225 2367 323 2399 Tradi
347 2368 411 2400 suis
435 2369 604 2404 illecebris,

845 2033 875 2065 3,
903 2031 995 2063 Hanc
1019 2032 1117 2064 hostis
1145 2033 1240 2065 draco
1265 2035 1377 2067 nititur

902 2079 1050 2118 Terrore,
1078 2080 1150 2112 dolo
1178 2080 1302 2121 fallere,

903 2126 962 2165 Qui
985 2127 1074 2167 signo
1102 2129 1204 2160 crucis
1229 2129 1386 2162 scinditur

902 2173 990 2206 Pede
1009 2174 1158 2206 subactus
1183 2175 1330 2209 feminae.

869 2255 876 2263 .
903 2230 1023 2263 Horret
1047 2232 1135 2272 virg-0
1162 2234 1348 2267 connubium

902 2277 1126 2319 Idolorumque
1151 2278 1284 2320 facinus,

902 2325 1048 2368 Ferrum,
1073 2327 1162 2367 ignes
1188 2332 1220 2360 et
1244 2330 1386 2369 gladium

900 2372 987 2405 Vicit
1010 2373 1139 2408 suffulta
1163 2376 1304 2410 coelitus.
