1653 2622
725 98 987 134 —275—

634 218 704 251 464.
735 219 778 252 De
799 222 910 253 sancta
929 220 1055 254 Ursula.

732 298 781 329 Ad
804 299 961 337 Vesper-as.

189 374 221 408 1.
249 375 368 417 Pange,
394 376 515 419 lingua,
540 379 720 419 puellarum
867 382 899 414 4.
925 380 993 413 Ista
1017 381 1101 422 regis
1126 379 1353 412 Britannorum

295 423 428 457 Sacrum
454 426 707 466 contubernium,
973 427 1155 462 Christiana
1180 426 1258 467 filia,

246 471 333 511 Quae
357 476 545 513 spernentes
570 477 770 507 terrenarum
934 476 1043 509 Solum
1067 475 1150 515 regis
1175 475 1359 515 angelorum

292 520 411 553 Rerum
438 521 643 567 desiderium,
980 524 1101 565 Optans
1125 522 1337 562 matrimonia,

245 567 399 601 Obtinent
419 569 642 602 coelicolarum
931 571 1008 604 Nati
1033 570 1117 613 regis
1142 579 1334 611 paganorum

289 615 402 657 Regna
425 625 485 657 per
509 618 708 659 martyrium.
976 618 1142 652 Abhorret
1166 617 1337 658 sponsalia.

185 702 217 734 2.
246 701 373 735 Summo
394 703 460 743 regi
487 703 699 743 desponsatur
871 706 903 740 5.
928 705 1016 746 Ergo
1041 704 1178 746 spondet
1203 707 1235 736 et
1257 706 1408 744 precatur

293 750 392 783 Sacra
419 754 543 792 martyr
566 752 696 788 Ursule,
976 753 1144 794 Tyrannus
1164 752 1336 792 potentior,

242 798 288 830 Et
308 798 475 831 mortalem
502 802 692 838 aspernatur
929 801 1008 833 Post
1030 800 1189 841 promissa
1214 800 1423 832 comminatur

292 844 450 885 Sponsum
477 846 566 886 virgo
593 846 715 887 sedula,
976 848 1068 881 Omni
1096 849 1237 879 monstro
1262 848 1396 885 saevior,

242 892 293 924 Ne
317 893 450 933 pudoris
474 892 669 935 infringatur
926 895 1011 928 Fide
1035 899 1146 928 contra
1169 903 1265 935 quem
1289 898 1430 928 armatur

290 941 436 974 Pretiosa
461 941 588 975 cellula.
977 944 1074 984 Virgo
1099 945 1189 974 turre
1212 942 1321 976 tutior.

183 1028 214 1061 3.
241 1026 327 1059 Nato
352 1027 438 1069 regis
459 1028 528 1067 jam
553 1031 704 1068 sperante
870 1031 901 1064 6.
927 1029 1031 1070 HuJ‘us
1058 1032 1088 1061 et
1112 1037 1170 1061 nos
1196 1028 1404 1069 deprecemur

289 1075 327 1107 In
353 1076 421 1115 ejus
447 1075 614 1113 connubia,
974 1077 1098 1110 Devote
1123 1076 1332 1108 constantiam

240 1123 337 1164 Petit,
364 1122 427 1155 sibi
453 1124 647 1155 concedatur
926 1125 969 1157 Et
996 1127 1178 1157 constanter
1201 1125 1363 1156 imitemur

288 1170 437 1203 Triennis
462 1171 603 1211 inducia,
973 1173 1058 1205 Illius
1092 1172 1305 1212 prudentiam,

239 1218 403 1251 Castitatis
427 1222 464 1251 ut
487 1219 659 1259 plangatur
929 1220 977 1254 Ut
1004 1229 1074 1252 oum
1098 1220 1167 1259 ipsa
1194 1220 1397 1252 sublevemur

287 1265 445 1298 Damnum
470 1275 530 1306 per
554 1267 634 1299 haec
657 1267 772 1306 spatia.
972 1268 1028 1301 Ad
1054 1267 1223 1300 coelestem
1248 1268 1396 1309 gloriam.

522 1354 554 1386 7.
580 1352 716 1391 Unita‘ti,
743 1353 882 1385 trinitati

626 1401 792 1434 Solvamus
817 1401 981 1444 obsequia,

578 1448 662 1489 Ipsis
687 1457 821 1488 quoque,
847 1459 978 1483 numero
1004 1459 1085 1490 quae

626 1495 707 1528 Sunt
729 1497 877 1529 undecim
901 1498 1001 1538 milia,

576 1543 620 1577 Ut
644 1546 719 1584 post
743 1553 869 1577 cursum
892 1546 977 1578 vitae
1001 1554 1127 1578 sursum

621 1592 775 1624 Vivamus
801 1593 837 1625 in
861 1594 972 1634 gloria.

249 1696 335 1723 BreV.
363 1702 416 1722 ms.
444 1694 473 1722 S.
504 1694 599 1723 Salvii
618 1695 783 1724 Florentini
811 1705 887 1725 saec.
917 1695 961 1725 15.
1003 1696 1072 1725 Cod.
1097 1697 1282 1725 Riccardian.
1311 1695 1375 1724 ¹772.
1401 1698 1433 1725 A.
1454 1713 1491 1717 —

173 1734 258 1761 Brev.
288 1742 340 1761 ms.
369 1732 649 1761 Vallumbrosanum
675 1742 751 1762 saec.
779 1733 822 1763 15.
848 1736 889 1763 in.
918 1736 988 1764 Cod.
1009 1735 1174 1764 L<ndinen.
1195 1735 1284 1763 Burn.
1322 1733 1364 1763 ῐ““ῡ
1401 1737 1433 1764 13.
1454 1753 1491 1756 —

174 1769 207 1804 3,
233 1770 248 1798 1
269 1772 343 1799 fehlt
362 1772 412 1799 der
433 1771 532 1807 Reim3
559 1772 614 1799 lies
635 1773 792 1808 speratur?
823 1788 856 1792 -
879 1771 906 1808 3,
927 1772 944 1802 6
965 1774 1084 1802 Damna
1102 1774 1137 1801 A.
1160 1788 1196 1792 —
1213 1773 1270 1801 Str.
1290 1772 1310 1802 4
1328 1775 1414 1803 fehlt:
1444 1774 1485 1802 din

175 1809 401 1845 Strophenfolge
428 1809 523 1837 durfte
547 1810 715 1846 uberhaupt
740 1814 855 1847 gesffirt
878 1812 939 1840 und
964 1813 1021 1840 Str.
1043 1810 1060 1840 ‘3
1085 1811 1183 1840 hinter
1209 1813 1266 1840 Str.
1290 1812 1298 1818 '
1329 1822 1366 1840 zu
1386 1813 1492 1841 stolis]

172 1848 244 1875 sein.
265 1863 304 1868 —-
326 1846 353 1881 5,
376 1846 394 1874 2
413 1847 561 1882 Tyrannis
581 1849 614 1876 Β.
635 1863 672 1867 -
693 1847 720 1883 5,
742 1848 759 1877 5
779 1850 867 1878 Fides
887 1850 923 1878 A.
945 1865 983 1870 —
1002 1850 1029 1885 7,
1051 1848 1069 1879 3
1088 1851 1152 1886 Ipsi
1172 1851 1205 1878 E.

622 2006 693 2038 465.
721 2007 765 2039 De
784 2009 896 2039 saneta
916 2009 1043 2041 Ursule..

706 2085 755 2115 Ad
774 2085 967 2116 Nocturnum.

168 2166 200 2200 1.
227 2166 325 2206 Voce,
351 2165 468 2204 mente,
491 2163 687 2196 laetabundo
862 2168 892 2199 2.
920 2167 1007 2206 Quae
1036 2168 1181 2199 tenentes
1206 2168 1393 2210 integralem

276 2213 391 2247 Cordis
419 2212 580 2244 domicilio
968 2214 1118 2255 Corporis
1141 2216 1330 2249 munditiam

225 2262 294 2294 Deo
322 2263 434 2303 dignos
461 2263 590 2301 promat
615 2260 750 2302 hymnos
920 2262 1136 2295 servaverunt
1160 2263 1347 2304 virginalem

277 2310 399 2343 Nostra
421 2317 576 2349 praesens
603 2309 715 2342 concio
967 2311 1087 2343 Mentis
1117 2312 1316 2353 pudicitiam,

226 2358 437 2392 Undenarum
462 2357 667 2389 millenarum
919 2360 966 2393 Ut
989 2360 1149 2392 intrarent
1171 2363 1364 2395 aeternalem

273 2406 441 2448 virginum
469 2406 634 2449 martyrio.
969 2407 1047 2440 Cum
1071 2416 1189 2448 sponso
1215 2410 1256 2442 ad
1283 2411 1427 2451 gloriam.

1252 2465 1311 2496 18·
