1651 2621
718 105 952 141 —64-.

469 202 499 233 4.
528 200 652 234 Servuli
676 202 798 242 indigni
823 203 881 235 tibi
905 203 1130 243 supplicamns,

527 247 696 280 Fluctibus
721 250 843 289 quassis
868 251 1023 282 scelerum
1047 253 1082 282 tu
1105 250 1195 282 nobis

529 295 662 335 Porrige
686 296 840 337 dextram,
864 297 997 330 liberari
1021 297 1148 330 tandem

578 343 623 375 Ut
646 351 833 376 mereamur.

496 423 503 431 .
529 397 665 439 Christe,
691 402 726 430 tu
748 399 839 432 nobis
863 402 984 433 meritis
1008 401 1095 433 beati

526 444 682 485 Martyris
707 446 799 485 hujus
824 447 930 480 tribue
954 448 1088 488 benigne

526 491 564 522 In
589 494 642 524 tuo
668 494 771 524 tecum
793 493 933 533 jubilare
957 503 1053 535 regno

575 540 654 572 Jure
677 540 820 578 perenni.

471 597 502 629 6.
527 594 650 635 Dignus
677 604 710 627 es
735 604 857 628 summa
882 597 1038 630 celebrari
1060 598 1167 637 laude,

526 642 613 682 Jesu,
641 651 710 675 oum
735 647 828 684 patre
850 645 1035 684 pariterque
1059 648 1169 678 saneto

528 687 652 729 Spiritu
673 691 742 731 ¹iugi
764 690 866 731 jubilo
891 692 924 723 in
950 693 1035 723 omni

572 737 738 776 Tempore.
776 739 890 771 Amen.

257 800 341 827 Brev.
362 809 414 827 ms.
433 800 463 828 S.
486 800 612 836 Sophiae
632 802 829 829 Beneventan-
850 810 925 829 saec.
947 800 991 829 11.
1032 803 1102 830 Cod.
1127 803 1259 830 Vatiean‚
1280 798 1365 828 4928.

472 399 490 430 ΕΠ

545 891 590 922 98.
622 892 658 923 In
676 892 898 923 'translatione
916 901 941 924 s.
960 892 1129 932 Brigittao.

718 959 766 988 Ad
788 958 944 996 Vesperas.

186 1018 217 1049 1.
244 1016 349 1057 Salve,
374 1020 487 1058 mater,
513 1019 622 1057 sponsi
648 1020 752 1049 crater
870 1021 901 1052 5.
928 1020 952 1051 O
980 1019 1099 1050 canalis
1122 1017 1288 1057 spiritaliS,

289 1065 372 1097 Potu
396 1065 519 1106 plenus,
546 1064 717 1102 tornatilis,
973 1064 1118 1097 Coeleste
1143 1065 1230 1096 virus
1254 1064 1417 1103 hauriens,

239 1112 342 1154 Justa,
370 1112 522 1151 prudens,
551 1112 636 1143 cruci
662 1111 803 1150 studens,
925 1113 1014 1144 Iusta
1038 1111 1118 1152 regi,
1143 1115 1179 1142 ut
1206 1112 1261 1142 det
1283 1111 1372 1150 gregi

288 1160 400 1199 Recta,
426 1159 562 1199 simplex
588 1162 620 1190 et
642 1159 780 1193 humilis.
973 1158 1096 1199 Potum,
1121 1168 1196 1189 nam
1214 1159 1344 1198 languet
1368 1157 1490 1190 sitiens.

206 1241 213 1248 ,
241 1216 264 1248 O
290 1216 438 1258 Brigitta,
465 1220 500 1249 tu
524 1217 642 1256 sagitta
866 1218 897 1249 6.
924 1216 1001 1248 Jesu
1026 1216 1121 1254 mitis,
1148 1224 1225 1247 vera
1250 1214 1335 1254 vitis,

285 1264 402 1306 Acuta,
428 1263 531 1301 fortis,
557 1263 694 1303 fervida,
972 1262 1023 1295 Da
1049 1265 1175 1304 gustum
1199 1262 1318 1295 nostris
1335 1261 1492 1305 sensibus,

241 1312 309 1349 Qua
333 1320 391 1344 rex
415 1310 493 1343 ferit
517 1314 612 1351 atque
635 1311 721 1344 terit.
926 1311 969 1345 Ut
997 1311 1106 1343 divina
1130 1313 1185 1342 tua
1209 1310 1284 1342 vina

290 1359 395 1391 Corda
420 1360 582 1391 doctorum
608 1359 741 1392 tumida.
973 1358 1167 1391 Dulcescant
1184 1357 1303 1390 nostris
1320 1356 1490 1389 mentibus.

207 1440 214 1448 .
240 1415 376 1448 Doctrix
400 1416 490 1458 legis,
515 1415 593 1447 tuba
616 1416 713 1455 regiS,
865 1417 896 1448 7.
921 1416 945 1448 Ο
971 1415 1087 1454 Maria,
1113 1418 1216 1447 mater
1238 1415 1302 1455 pia,

287 1463 370 1494 Sono
394 1467 577 1502 perterrens
605 1463 756 1503 aemulos,
973 1463 997 1494 O
1024 1462 1195 1494 benedicta
1221 1462 1358 1502 domina,

239 1510 310 1541 Vox
335 1510 505 1542 exhortans
531 1513 563 1540 et
588 1508 770 1543 confortans
927 1509 994 1541 Nos
1020 1509 1142 1548 amasti,
1166 1510 1302 1541 visitasti

287 1557 341 1589 Ad
365 1556 484 1589 bellum
506 1556 568 1589 Dei
593 1556 737 1589 famulos.
972 1556 1049 1588 Cum
1073 1557 1138 1588 ista
1162 1560 1274 1588 sancta
1298 1555 1427 1588 femina.

186 1626 215 1648 ἡ,
242 1613 417 1655 Maeerata,
445 1612 608 1653 castigata,
865 1615 896 1646 8.
922 1613 1012 1644 Haeo
1036 1612 1172 1645 ardebat
1197 1616 1229 1644 et
1251 1613 1379 1645 lucebat

287 1661 402 1692 Electa
425 1663 515 1700 gutta
538 1661 697 1700 myrrhea,
970 1660 1039 1691 Tua
1060 1668 1157 1699 prece
1180 1663 1217 1691 ut
1237 1660 1353 1702 facula,

238 1707 423 1740 Ascendisti
446 1716 576 1748 regnum
603 1707 723 1740 Christi
925 1707 986 1738 Per
1012 1707 1094 1739 hane
1118 1711 1257 1748 praesta,
1283 1711 1320 1739 ut
1342 1708 1479 1741 molesta

288 1756 412 1788 Corona
436 1754 560 1795 fulgens
584 1762 689 1786 aurea.
973 1754 1143 1786 Vincamus
1167 1756 1268 1788 hostis
1290 1756 1408 1796 jacula.

522 1812 553 1844 9.
579 1811 626 1842 Te
650 1810 827 1850 laudamus,
853 1811 1032 1851 adoramus,

625 1858 722 1900 Deus,
749 1867 807 1897 pro
832 1860 888 1889 tua
912 1857 1041 1901 famula,

579 1905 675 1937 Solve
698 1913 779 1944 reos,
802 1905 929 1937 salvans
956 1914 1009 1937 eos

624 1953 663 1984 In
688 1953 882 1991 sempiterna
905 1954 1042 1988 saecula.

257 2012 343 2038 Brev.
365 2018 418 2036 ms.
439 2008 575 2036 Paradisi
595 2008 723 2035 Florem.
744 2016 819 2036 saec.
841 2007 885 2036 15.
922 2009 991 2037 Cod.
1013 2010 1203 2039 Laurentian.
1227 2012 1317 2038 Conv.
1338 2021 1402 2049 sup.
1423 2012 1490 2041 459.

539 2099 583 2130 99.
615 2099 651 2130 In
672 2098 892 2131 Translatione
911 2109 935 2131 s.
957 2100 1122 2140 Brigittae.

701 2167 750 2196 Ad
767 2167 962 2198 Nocturnum.

209 2258 216 2265 .
243 2230 331 2263 Deus
355 2230 498 2260 sanctam
524 2228 690 2261 ecclesiam
863 2228 895 2260 2.
921 2227 1007 2258 Dum
1032 2227 1143 2267 vigiles
1169 2228 1384 2274 obdormiunt,

240 2276 403 2311 Plautavit
430 2276 515 2307 velut
539 2275 673 2314 vineam,
921 2273 984 2305 Dei
1007 2274 1175 2313 squalebat:
1198 2276 1354 2319 hortulus,

241 2325 304 2357 Sed
329 2323 434 2355 medio
459 2323 585 2354 silentio
923 2322 1061 2353 Fructus
1085 2322 1162 2353 boni
1188 2323 1350 2365 deficiunt,

245 2372 399 2405 Custodes
421 2371 561 2410 gaudent
584 2370 658 2403 otio.
925 2368 1043 2408 Spinae
1067 2372 1200 2410 surgunt
1226 2375 1257 2402 et
1281 2372 1428 2408 tribulus.
