1653 2622
742 156 1001 192 —137—

289 247 375 276 Brev.
401 258 454 277 ms.
476 248 505 278 S.
528 249 634 279 Clarae
653 252 800 288 Neapolit.
822 262 897 281 saec.
920 251 965 281 14.
1006 254 1073 282 Cod.
1097 253 1269 281 Gasanaten.
1291 254 1315 282 B
1334 254 1380 282 111
1399 251 1417 281 5
1437 251 1522 290 (407).

213 285 279 313 add.
307 295 383 314 saec.
410 286 454 315 15.
475 288 511 316 A.
539 304 572 307 —
599 290 700 326 Propr.
720 291 947 327 Neapolitanum
974 293 1045 328 imp.
1067 292 1191 328 Neapoli
1220 290 1301 319 1525.
1324 294 1354 321 B.
1379 308 1418 313 -—
1444 290 1475 326 1,
1505 290 1521 320 1

212 325 273 351 tam
291 324 365 352 fehlt
383 326 417 353 A.
440 341 475 345 —
496 324 522 360 2,
548 325 561 354 1
584 328 662 361 Quia
680 329 810 357 bellavit.
824 330 858 357 B.
879 345 915 349 —
936 328 962 363 3,
987 328 1005 357 2
1026 332 1134 366 optime
1147 330 1180 357 A.
1194 344 1233 348 —
1251 329 1278 364 4,
1302 329 1316 358 1
1330 332 1423 359 vitam
1437 331 1470 358 Β.
1484 347 1523 352 -

212 359 238 396 5,
260 359 278 390 3
297 362 339 390 Et
360 365 457 391 oravit
475 364 510 391 A.
534 379 567 383 —
591 364 617 400 6,
638 366 656 393 3
676 366 747 394 Sive
765 367 843 395 linus
863 377 933 396 vere
952 368 1069 396 himnus
1090 368 1124 395 A.

647 515 713 546 229.
744 515 787 547 De
807 517 913 547 sancto
933 516 1095 548 Januario.

756 602 803 631 Ad
822 602 978 640 Vesperas.

214 677 245 709 1.
274 676 396 718 Gaude,
427 678 506 711 felix
531 679 695 721 Neapolis,

272 724 415 758 Laudem
442 727 521 759 dans
545 727 607 759 Dei
631 726 708 767 filio,

268 772 328 810 Qui
353 776 402 805 tot
425 772 527 814 fulget
551 775 712 806 miraculis

269 820 308 852 In
333 823 387 852 tuo
413 821 577 855 JanuariO.

213 886 244 918 2.
273 885 396 927 Vincla,
422 895 548 930 nervos,
574 888 756 920 incendium

269 933 433 974 Ferasque
457 936 587 974 praesul
612 938 752 975 superat,

272 981 317 1013 Ut
342 988 536 1014 consummet
562 983 760 1023 martyrium,

268 1027 371 1059 Hoste
396 1027 522 1061 furente
546 1032 708 1070 properat.

209 1095 240 1126 3.
268 1093 365 1126 Sacro
390 1095 579 1134 plectendus
606 1096 711 1135 capite

268 1142 314 1174 Ut
337 1142 423 1173 mitis
449 1151 548 1182 agnus
576 1143 711 1185 ducitur,

265 1188 410 1220 Christus
435 1189 467 1221 in
494 1198 550 1221 suo
575 1190 676 1221 milite

265 1235 375 1267 Hostis
402 1237 505 1268 scelus
531 1237 705 1271 ulciscitur.

898 682 930 713 4.
954 682 1137 721 Tyrannum
1160 681 1268 721 privat
1291 682 1408 713 lumine

955 729 1071 760 Turbis
1098 737 1203 760 coram
1228 729 1438 772 adstantibus,

955 776 1024 808 Nec
1046 776 1166 808 restitit
1189 785 1208 808 a
1234 777 1365 808 crimine

956 822 1063 855 Sancti
1088 825 1217 855 sanatus
1241 824 1400 863 precibus.

899 891 928 922 5.
959 889 1082 921 Certam
1108 889 1206 920 miser
1231 890 1395 922 saevitiam

956 936 1074 969 Caecus
1098 936 1175 968 inde
1199 937 1411 977 prosequitur,

953 983 999 1015 Et
1022 986 1095 1023 post
1118 983 1217 1014 latam
1240 984 1428 1015 sententiam

957 1031 1062 1070 Caput
1085 1038 1209 1062 sacrum
1234 1031 1442 1063 abscinditur.

896 1098 926 1129 6.
954 1096 1086 1128 Scandit
1108 1098 1230 1135 martyr
1254 1096 1295 1128 ad
1322 1098 1461 1141 aethera,

952 1144 999 1177 Ut
1022 1146 1124 1175 mater
1147 1146 1221 1174 ante
1247 1144 1381 1185 viderat,

949 1190 1072 1230 Raptus
1104 1190 1199 1221 miser
1222 1191 1255 1222 in
1281 1193 1403 1223 tartara

949 1237 1134 1277 Descendit,
1165 1246 1225 1277 quo
1251 1241 1417 1270 meruerat.

605 1304 635 1336 7.
664 1303 775 1335 Gloria
799 1303 868 1343 tibi,
894 1303 1039 1336 Domine.

282 1391 385 1427 Propr.
408 1391 636 1427 Neapolitanum
656 1393 725 1428 imp.
744 1392 869 1428 Neapoli
893 1390 973 1421 1525.

628 1559 698 1591 230.
727 1560 770 1591 De
789 1560 898 1592 sancto
920 1560 1081 1592 Januario.

730 1646 778 1675 Ad
797 1646 989 1677 Nocturnum.

201 1726 231 1758 1.
259 1726 298 1757 In
323 1734 381 1756 sua
406 1725 502 1757 laude
523 1725 622 1764 J'anua
887 1728 919 1759 4.

259 1772 361 1804 Nobis
386 1773 429 1804 sit
452 1773 635 1813 Januarius,

259 1819 354 1859 Cujus
386 1820 454 1852 dies
477 1820 557 1851 haec
582 1829 687 1852 annua

259 1866 447 1899 Celebretur
474 1868 628 1900 devotius.

197 1935 228 1967 2.
256 1933 340 1965 Fide
365 1936 470 1965 rectus
497 1937 529 1965 et
553 1942 659 1974 opere,
887 1935 919 1968 5.

256 1981 368 2013 Hostis
393 1989 548 2021 spernens
573 1981 751 2021 imperium,

256 2029 374 2061 Taetro
400 2031 547 2060 servatur
572 2036 702 2061 carcere

254 2077 432 2110 sacrandus
457 2076 490 2108 in
515 2076 709 2109 incendium.

194 2146 225 2178 3.
254 2143 364 2177 Crucis
393 2142 493 2175 fultus
518 2143 680 2183 praesidio
886 2145 917 2177 6.

252 2190 415 2223 Flammas
442 2193 589 2223 constans
614 2191 804 2231 ingreditur,

252 2239 317 2272 Sed
344 2240 378 2271 in
403 2238 542 2272 fornacis
568 2239 674 2271 medio

250 2288 288 2321 In
313 2287 401 2320 nullo
426 2296 559 2327 prorsus
583 2286 733 2320 laeditur.

946 1726 1130 1758 Timotheus
1155 1725 1235 1757 haec
1259 1726 1392 1758 audiens

945 1774 1050 1806 Educi
1074 1775 1217 1806 sanctum
1240 1774 1409 1814 praecipit,

946 1822 1010 1853 Sed
1034 1820 1162 1853 flamma
1185 1829 1259 1852 mox
1282 1821 1430 1852 exsiliens

945 1869 1091 1909 Paganos
1115 1868 1224 1907 plures
1249 1868 1387 1908 perimit.

945 1935 1100 1967 Torturus
1125 1934 1232 1967 nervis
1257 1935 1445 1976 praesulem,

944 1982 989 2015 Ut
1013 1983 1064 2015 vel
1088 1981 1136 2013 sic
1160 1991 1230 2013 eum
1255 1985 1393 2022 superet,

944 2029 1008 2062 Sed
1033 2038 1143 2062 verum
1170 2029 1288 2062 Christi
1311 2030 1452 2071 pugilem

943 2077 1113 2118 Nunquam
1138 2079 1260 2109 terrere
1284 2079 1460 2118 praevalet.

943 2144 1028 2176 Hinc
1057 2144 1186 2186 tyranni
1207 2145 1341 2177 saevitia

941 2192 1063 2225 Crescit
1090 2193 1121 2223 et
1145 2190 1230 2224 feras
1255 2195 1437 2234 praeparat,

940 2239 1023 2278 Quas
1050 2248 1086 2272 ex
1114 2239 1233 2272 Christi
1257 2240 1425 2273 clementia

938 2288 1054 2320 Pastor
1078 2287 1211 2327 insignis
1236 2291 1375 2330 superat.

595 2355 625 2389 7.
654 2353 767 2387 Gloria
790 2354 862 2395 tibi,
888 2354 1034 2387 Domine.

266 2445 370 2482 Propr.
390 2444 621 2482 Neapolitanum
640 2446 709 2481 imp.
731 2444 858 2481 Neapoli
881 2441 963 2472 1525.
