1651 2621
754 131 1013 166 —124—

615 227 645 260 5.
671 226 786 266 Decus,
811 227 912 259 honor
934 227 1003 259 Deo
1028 226 1114 268 patri

720 273 769 306 Sit
795 277 826 306 et
852 275 918 314 ejus
942 274 1019 315 filio,

674 321 807 361 Spiritui
831 325 939 354 sancto
965 323 1046 363 pari,

719 368 851 401 Doctori
877 370 989 402 eximio

670 416 716 448 Et
740 417 912 457 Jeronymo
937 417 1031 449 beato

719 464 910 504 sempiterna
939 465 1067 496 saecula

305 529 388 556 Brev.
419 536 472 555 ms.
498 528 655 563 Trojanum
687 536 761 556 saec.
791 527 833 556 15.
879 528 947 556 Cod.
975 527 1161 565 Neap01itan.
1187 527 1230 554 VI
1255 526 1282 554 E
1310 524 1353 553 16.
1387 540 1426 544 —
1455 523 1486 559 5,
1513 522 1531 552 3

230 568 329 593 sancto
349 566 435 602 patri.

635 657 701 688 206.
730 657 771 688 De
793 659 899 689 sancto
920 659 1116 697 Hieronymo.

753 734 800 763 Ad
820 734 1010 764 Nocturnum.

468 802 497 834 1.
526 802 645 834 Chorus
669 801 822 845 fidelium,
850 806 956 835 coetus
981 803 1115 843 angelici

524 849 668 889 Pangant
690 850 892 889 praeconium
917 851 1017 882 sancti
1042 849 1214 889 Jeronymi,

522 895 658 928 Cultoris
683 897 788 936 eremi,
814 896 918 929 fidelis
943 898 1072 930 Domini

567 943 612 974 Et
637 943 775 975 doctoris
801 945 919 976 eximii.

467 1000 498 1032 2.
524 999 638 1030 Totum
663 1008 698 1031 se
721 1000 869 1039 praebuit
891 1000 953 1032 Dei
977 1000 1137 1042 obsequio,

523 1046 600 1078 Cum
623 1047 772 1078 mundum
797 1048 903 1079 renuit
927 1048 960 1079 in
984 1047 1185 1085 monasterio,

521 1092 610 1131 Quod
636 1093 698 1124 sibi
724 1094 867 1126 condidit
891 1096 923 1125 et
944 1095 1008 1127 suis
1032 1094 1169 1134 posteris

562 1141 661 1172 Juxta
682 1149 836 1180 praesepe
859 1141 998 1174 Domini.

461 1197 492 1229 3.
519 1196 654 1228 Ornatus
678 1197 810 1237 meritis,
839 1198 928 1230 dives
953 1198 1136 1239 virtutibus,

521 1243 597 1275 Cum
622 1244 686 1275 suis
710 1245 872 1276 monachis
894 1246 928 1276 in
954 1245 1005 1277 die
1030 1245 1134 1277 obitus

518 1290 705 1330 Colloquens
731 1292 858 1334 monuit,
885 1301 925 1323 ne
949 1292 1222 1333 moestidudinem‚

565 1337 630 1369 Sed
655 1346 763 1370 verum
787 1341 899 1378 gerant
922 1340 1081 1379 gaudium.

458 1395 490 1426 4.
516 1393 634 1433 Regnis
660 1395 857 1438 coelestibus,
883 1397 994 1429 mundi
1017 1395 1177 1428 miseriam

517 1440 594 1473 Cum
618 1442 696 1473 meis
721 1442 843 1474 actibus
868 1443 1058 1486 relinquens,
1084 1444 1210 1475 veniam

515 1488 553 1519 In
578 1497 698 1520 summa
721 1490 846 1530 gaudia,
872 1493 1000 1522 aeterna
1023 1491 1165 1530 praemia

563 1535 625 1566 Per
648 1535 772 1568 infinita
795 1538 931 1571 saecula.

460 1592 492 1623 5.
517 1590 568 1622 Ex
589 1591 649 1622 hoc
673 1592 716 1622 sit
739 1593 840 1631 gloria
863 1594 950 1633 patri
975 1597 1008 1625 et
1029 1594 1107 1632 filio,

516 1637 600 1669 Laus
625 1638 668 1669 sit
692 1641 723 1669 et
746 1640 843 1671 latria
866 1645 976 1673 sancto
1002 1641 1168 1680 paraclito,

514 1685 560 1717 Ut
583 1694 653 1717 cum
677 1686 848 1725 Jeronymo
874 1688 969 1719 ducat
992 1688 1033 1719 ad
1057 1688 1193 1727 patriam

561 1731 606 1763 Et
627 1732 739 1773 lucem,
771 1742 862 1773 quam
887 1734 1054 1767 inhabitat.

294 1799 377 1825 Brev.
401 1805 453 1824 ms.
475 1795 633 1830 Trojanum
661 1804 735 1825 saec.
758 1796 801 1825 15.
844 1799 913 1826 Cod.
933 1800 1119 1835 Neapolitan.
1143 1800 1186 1827 5⁷1
1211 1801 1237 1828 E
1265 1800 1308 1829 16.
1336 1817 1369 1821 ——
1391 1800 1423 1837 3,
1450 1801 1467 1831 3
1488 1806 1521 1831 ut

218 1844 278 1863 non
297 1834 539 1863 moestitudinem.
560 1848 594 1853 —
617 1833 642 1868 Ε,
664 1833 681 1861 2
702 1838 731 1862 et
750 1837 876 1872 ergiiuzt.

627 1927 692 1958 207.
725 1928 766 1958 De
786 1929 893 1959 sancto
914 1928 1106 1968 Hieronymo.

768 2004 817 2033 Ad
836 2004 962 2035 Laudes.

481 2072 509 2104 1.
536 2071 721 2103 Sanctorum
748 2074 842 2105 decus
866 2075 1047 2113 praesulum
1073 2077 1105 2106 et
1130 2075 1251 2118 doctor,

536 2119 657 2151 Lumen
679 2118 838 2160 refulgens
861 2121 895 2153 in
919 2122 1063 2162 obscuro,
1090 2125 1200 2154 auctor

536 2166 655 2198 Noster
678 2168 799 2207 salutis,
831 2170 976 2202 veritatis
1001 2170 1113 2207 cultor,

582 2214 692 2245 Eremi
716 2218 835 2255 pastor.

474 2273 506 2305 2.
531 2270 604 2303 Tibi
630 2273 679 2302 est
704 2272 811 2304 datum
835 2273 975 2313 regimen
995 2274 1098 2318 fidele,

536 2320 692 2351 Haereses
717 2328 823 2352 omnes
850 2321 1030 2361 deprimens
1055 2322 1210 2356 adhaeres

535 2366 652 2399 Sacrae
677 2367 850 2409 doctrinae,
875 2371 1008 2403 malleus
1034 2380 1066 2403 es
1090 2379 1166 2403 vere

581 2414 831 2451 Haereticorum.
