<?xml version="1.0" encoding="UTF-8"?>
<!DOCTYPE html PUBLIC "-//W3C//DTD XHTML 1.0 Transitional//EN"
    "http://www.w3.org/TR/xhtml1/DTD/xhtml1-transitional.dtd">
<html xmlns="http://www.w3.org/1999/xhtml" xml:lang="en" lang="en">
 <head>
  <title>
</title>
<meta http-equiv="Content-Type" content="text/html;charset=utf-8" />
  <meta name='ocr-system' content='tesseract 3.04.00' />
  <meta name='ocr-capabilities' content='ocr_page ocr_carea ocr_par ocr_line ocrx_word'/>
</head>
<body>
  <div class='ocr_page' id='page_1' title='image "./analectahymnica22drevuoft_00100.png"; bbox 0 0 1651 2621; ppageno 0'>
   <div class='ocr_carea' id='block_1_1' title="bbox 720 112 956 147">
    <p class='ocr_par' dir='ltr' id='par_1_1' title="bbox 720 112 956 147">
     <span class='ocr_line' id='line_1_1' title="bbox 720 112 956 147; baseline 0.004 -8"><span class='ocrx_word' id='word_1_1' title='bbox 720 112 956 147; x_wconf 40' lang='lat'>*97*-</span> 
     </span>
    </p>
   </div>
   <div class='ocr_carea' id='block_1_2' title="bbox 181 209 1382 395">
    <p class='ocr_par' dir='ltr' id='par_1_2' title="bbox 181 209 1382 395">
     <span class='ocr_line' id='line_1_2' title="bbox 181 209 1382 252; baseline -0.002 -9"><span class='ocrx_word' id='word_1_2' title='bbox 181 210 212 243; x_wconf 84' lang='lat'>5.</span> <span class='ocrx_word' id='word_1_3' title='bbox 239 209 423 242; x_wconf 81' lang='lat' dir='ltr'>Celebranti</span> <span class='ocrx_word' id='word_1_4' title='bbox 447 210 591 251; x_wconf 86' lang='lat' dir='ltr'>pontifici</span> <span class='ocrx_word' id='word_1_5' title='bbox 869 212 900 245; x_wconf 79' lang='lat'>6.</span> <span class='ocrx_word' id='word_1_6' title='bbox 925 210 1001 251; x_wconf 81' lang='lat' dir='ltr'>lpse</span> <span class='ocrx_word' id='word_1_7' title='bbox 1026 212 1079 252; x_wconf 89' lang='lat' dir='ltr'>qui</span> <span class='ocrx_word' id='word_1_8' title='bbox 1104 213 1230 250; x_wconf 84' lang='lat' dir='ltr'>portum</span> <span class='ocrx_word' id='word_1_9' title='bbox 1254 210 1382 245; x_wconf 73' lang='lat' dir='ltr'>sicidae</span> 
     </span>
     <span class='ocr_line' id='line_1_3' title="bbox 237 257 1350 300; baseline 0 -11"><span class='ocrx_word' id='word_1_10' title='bbox 237 257 378 290; x_wconf 80' lang='lat' dir='ltr'>Adstant</span> <span class='ocrx_word' id='word_1_11' title='bbox 409 258 493 290; x_wconf 87' lang='lat' dir='ltr'>cives</span> <span class='ocrx_word' id='word_1_12' title='bbox 519 259 665 300; x_wconf 82' lang='lat' dir='ltr'>angelici,</span> <span class='ocrx_word' id='word_1_13' title='bbox 927 258 980 291; x_wconf 80' lang='lat' dir='ltr'>Ad</span> <span class='ocrx_word' id='word_1_14' title='bbox 1006 268 1041 291; x_wconf 86' lang='lat' dir='ltr'>se</span> <span class='ocrx_word' id='word_1_15' title='bbox 1067 260 1191 291; x_wconf 83' lang='lat' dir='ltr'>vocavit</span> <span class='ocrx_word' id='word_1_16' title='bbox 1215 259 1350 299; x_wconf 83' lang='lat' dir='ltr'>protine,</span> 
     </span>
     <span class='ocr_line' id='line_1_4' title="bbox 237 304 1355 347; baseline 0.002 -11"><span class='ocrx_word' id='word_1_17' title='bbox 237 304 414 345; x_wconf 81' lang='lat' dir='ltr'>Frangenti</span> <span class='ocrx_word' id='word_1_18' title='bbox 442 305 666 339; x_wconf 76' lang='lat' dir='ltr'>eucharistiam</span> <span class='ocrx_word' id='word_1_19' title='bbox 926 306 1022 339; x_wconf 86' lang='lat' dir='ltr'>Lucis</span> <span class='ocrx_word' id='word_1_20' title='bbox 1047 307 1122 339; x_wconf 84' lang='lat' dir='ltr'>litus</span> <span class='ocrx_word' id='word_1_21' title='bbox 1150 307 1204 339; x_wconf 84' lang='lat' dir='ltr'>det</span> <span class='ocrx_word' id='word_1_22' title='bbox 1227 306 1355 347; x_wconf 81' lang='lat' dir='ltr'>placide</span> 
     </span>
     <span class='ocr_line' id='line_1_5' title="bbox 237 352 1363 395; baseline 0.002 -10"><span class='ocrx_word' id='word_1_23' title='bbox 237 352 393 386; x_wconf 84' lang='lat' dir='ltr'>Ferentes</span> <span class='ocrx_word' id='word_1_24' title='bbox 418 355 641 388; x_wconf 84' lang='lat' dir='ltr'>reverentiam.</span> <span class='ocrx_word' id='word_1_25' title='bbox 927 354 1058 395; x_wconf 84' lang='lat' dir='ltr'>Ereptis</span> <span class='ocrx_word' id='word_1_26' title='bbox 1082 355 1185 395; x_wconf 82' lang='lat' dir='ltr'>gentis</span> <span class='ocrx_word' id='word_1_27' title='bbox 1210 353 1363 394; x_wconf 81' lang='lat' dir='ltr'>perfidae.</span> 
     </span>
    </p>
   </div>
   <div class='ocr_carea' id='block_1_3' title="bbox 540 411 1069 454">
    <p class='ocr_par' dir='ltr' id='par_1_3' title="bbox 540 411 1069 454">
     <span class='ocr_line' id='line_1_6' title="bbox 540 411 1069 454; baseline -0.002 -10"><span class='ocrx_word' id='word_1_28' title='bbox 540 412 572 444; x_wconf 80' lang='lat'>7.</span> <span class='ocrx_word' id='word_1_29' title='bbox 598 412 742 452; x_wconf 82' lang='lat' dir='ltr'>Praesta,</span> <span class='ocrx_word' id='word_1_30' title='bbox 766 414 870 454; x_wconf 79' lang='lat' dir='ltr'>pater,</span> <span class='ocrx_word' id='word_1_31' title='bbox 897 420 968 443; x_wconf 86' lang='lat' dir='ltr'>cum</span> <span class='ocrx_word' id='word_1_32' title='bbox 992 411 1069 443; x_wconf 82' lang='lat' dir='ltr'>filio.</span> 
     </span>
    </p>
   </div>
   <div class='ocr_carea' id='block_1_4' title="bbox 176 475 1492 627">
    <p class='ocr_par' dir='ltr' id='par_1_4' title="bbox 176 475 1492 627">
     <span class='ocr_line' id='line_1_7' title="bbox 252 475 1474 512; baseline -0.002 -8"><span class='ocrx_word' id='word_1_33' title='bbox 252 476 339 504; x_wconf 76' lang='lat' dir='ltr'>BreV.</span> <span class='ocrx_word' id='word_1_34' title='bbox 367 485 421 505; x_wconf 88' lang='lat' dir='ltr'>ms.</span> <span class='ocrx_word' id='word_1_35' title='bbox 441 476 630 505; x_wconf 77' lang='lat' dir='ltr'>Vei-cellense</span> <span class='ocrx_word' id='word_1_36' title='bbox 658 484 732 505; x_wconf 84' lang='lat' dir='ltr'>saec.</span> <span class='ocrx_word' id='word_1_37' title='bbox 755 475 799 505; x_wconf 77' lang='lat'>13.</span> <span class='ocrx_word' id='word_1_38' title='bbox 842 477 911 505; x_wconf 62' lang='lat' dir='ltr'>(jod.</span> <span class='ocrx_word' id='word_1_39' title='bbox 938 476 1031 512; x_wconf 75' lang='lat' dir='ltr'>Capit.</span> <span class='ocrx_word' id='word_1_40' title='bbox 1054 476 1216 505; x_wconf 77' lang='lat' dir='ltr'>Vei-cellen.</span> <span class='ocrx_word' id='word_1_41' title='bbox 1247 476 1375 505; x_wconf 79' lang='lat' dir='ltr'>CXCIII.</span> <span class='ocrx_word' id='word_1_42' title='bbox 1395 475 1429 502; x_wconf 79' lang='lat' dir='ltr'>A.</span> <span class='ocrx_word' id='word_1_43' title='bbox 1459 492 1474 495; x_wconf 98' lang='lat'><em>-</em></span> 
     </span>
     <span class='ocr_line' id='line_1_8' title="bbox 177 513 1492 551; baseline -0.001 -9"><span class='ocrx_word' id='word_1_44' title='bbox 177 515 264 543; x_wconf 71' lang='lat' dir='ltr'>BreV.</span> <span class='ocrx_word' id='word_1_45' title='bbox 296 523 349 542; x_wconf 84' lang='lat' dir='ltr'>ms.</span> <span class='ocrx_word' id='word_1_46' title='bbox 368 514 557 543; x_wconf 83' lang='lat' dir='ltr'>Vercellense</span> <span class='ocrx_word' id='word_1_47' title='bbox 582 523 657 543; x_wconf 81' lang='lat' dir='ltr'>saec.</span> <span class='ocrx_word' id='word_1_48' title='bbox 680 513 724 544; x_wconf 77' lang='lat'>13.</span> <span class='ocrx_word' id='word_1_49' title='bbox 766 514 836 543; x_wconf 75' lang='lat' dir='ltr'>God.</span> <span class='ocrx_word' id='word_1_50' title='bbox 858 515 952 551; x_wconf 78' lang='lat' dir='ltr'>Capit.</span> <span class='ocrx_word' id='word_1_51' title='bbox 973 515 1135 543; x_wconf 73' lang='lat' dir='ltr'>&#39;Vm-cellen.</span> <span class='ocrx_word' id='word_1_52' title='bbox 1158 515 1268 544; x_wconf 82' lang='lat' dir='ltr'>XLIII.</span> <span class='ocrx_word' id='word_1_53' title='bbox 1289 516 1322 543; x_wconf 78' lang='lat' dir='ltr'>B.</span> <span class='ocrx_word' id='word_1_54' title='bbox 1344 529 1380 533; x_wconf 89' lang='lat'>—-</span> <span class='ocrx_word' id='word_1_55' title='bbox 1400 514 1492 542; x_wconf 61' lang='lat' dir='ltr'>Psalt.</span> 
     </span>
     <span class='ocr_line' id='line_1_9' title="bbox 177 551 1491 589; baseline -0.001 -8"><span class='ocrx_word' id='word_1_56' title='bbox 177 562 232 581; x_wconf 85' lang='lat' dir='ltr'>ms.</span> <span class='ocrx_word' id='word_1_57' title='bbox 251 553 441 582; x_wconf 79' lang='lat' dir='ltr'>Vercellense</span> <span class='ocrx_word' id='word_1_58' title='bbox 460 561 537 581; x_wconf 84' lang='lat' dir='ltr'>saec.</span> <span class='ocrx_word' id='word_1_59' title='bbox 560 551 605 582; x_wconf 80' lang='lat'>15.</span> <span class='ocrx_word' id='word_1_60' title='bbox 641 553 712 582; x_wconf 69' lang='lat'>0011.</span> <span class='ocrx_word' id='word_1_61' title='bbox 732 553 829 589; x_wconf 77' lang='lat' dir='ltr'>Capit.</span> <span class='ocrx_word' id='word_1_62' title='bbox 841 553 1005 581; x_wconf 72' lang='lat' dir='ltr'>Vei-cellen.</span> <span class='ocrx_word' id='word_1_63' title='bbox 1024 553 1088 581; x_wconf 84' lang='lat' dir='ltr'>XL.</span> <span class='ocrx_word' id='word_1_64' title='bbox 1102 553 1134 581; x_wconf 68' lang='grc' dir='ltr'>Ο.</span> <span class='ocrx_word' id='word_1_65' title='bbox 1156 568 1192 572; x_wconf 91' lang='lat'>——</span> <span class='ocrx_word' id='word_1_66' title='bbox 1205 553 1291 581; x_wconf 80' lang='lat' dir='ltr'>Brev.</span> <span class='ocrx_word' id='word_1_67' title='bbox 1304 552 1491 581; x_wconf 55' lang='lat' dir='ltr'>Vercellense</span> 
     </span>
     <span class='ocr_line' id='line_1_10' title="bbox 176 590 1098 627; baseline -0.001 -8"><span class='ocrx_word' id='word_1_68' title='bbox 176 593 248 627; x_wconf 83' lang='lat' dir='ltr'>imp.</span> <span class='ocrx_word' id='word_1_69' title='bbox 269 601 292 620; x_wconf 74' lang='lat' dir='ltr'>s.</span> <span class='ocrx_word' id='word_1_70' title='bbox 311 592 332 619; x_wconf 88' lang='grc'>1.</span> <span class='ocrx_word' id='word_1_71' title='bbox 354 593 385 620; x_wconf 81' lang='lat' dir='ltr'>et</span> <span class='ocrx_word' id='word_1_72' title='bbox 404 600 430 619; x_wconf 89' lang='lat' dir='ltr'>a.</span> <span class='ocrx_word' id='word_1_73' title='bbox 449 592 488 620; x_wconf 89' lang='lat' dir='ltr'>D.</span> <span class='ocrx_word' id='word_1_74' title='bbox 506 607 545 612; x_wconf 74' lang='lat'>—</span> <span class='ocrx_word' id='word_1_75' title='bbox 564 592 649 619; x_wconf 53' lang='lat' dir='ltr'>Mela</span> <span class='ocrx_word' id='word_1_76' title='bbox 671 592 745 621; x_wconf 81' lang='lat' dir='ltr'>Jesu</span> <span class='ocrx_word' id='word_1_77' title='bbox 763 593 867 619; x_wconf 79' lang='lat' dir='ltr'>nostra</span> <span class='ocrx_word' id='word_1_78' title='bbox 884 592 1044 627; x_wconf 73' lang='lat' dir='ltr'>redemptio</span> <span class='ocrx_word' id='word_1_79' title='bbox 1066 590 1098 618; x_wconf 81' lang='lat' dir='ltr'>G.</span> 
     </span>
    </p>
   </div>
   <div class='ocr_carea' id='block_1_5' title="bbox 623 711 1053 828">
    <p class='ocr_par' dir='ltr' id='par_1_5' title="bbox 623 711 1053 828">
     <span class='ocr_line' id='line_1_11' title="bbox 623 711 1053 745; baseline -0.005 0"><span class='ocrx_word' id='word_1_80' title='bbox 623 713 682 745; x_wconf 83' lang='lat'>157.</span> <span class='ocrx_word' id='word_1_81' title='bbox 713 711 757 744; x_wconf 87' lang='lat' dir='ltr'>De</span> <span class='ocrx_word' id='word_1_82' title='bbox 778 712 885 745; x_wconf 82' lang='lat' dir='ltr'>sancto</span> <span class='ocrx_word' id='word_1_83' title='bbox 910 712 1053 745; x_wconf 78' lang='lat' dir='ltr'>Eusebio.</span> 
     </span>
     <span class='ocr_line' id='line_1_12' title="bbox 707 790 958 828; baseline -0.008 -8"><span class='ocrx_word' id='word_1_84' title='bbox 707 791 743 820; x_wconf 85' lang='lat' dir='ltr'>In</span> <span class='ocrx_word' id='word_1_85' title='bbox 762 790 789 819; x_wconf 82' lang='lat'>2.</span> <span class='ocrx_word' id='word_1_86' title='bbox 810 790 958 828; x_wconf 86' lang='lat' dir='ltr'>Vesperis.</span> 
     </span>
    </p>
   </div>
   <div class='ocr_carea' id='block_1_6' title="bbox 406 860 1153 1043">
    <p class='ocr_par' dir='ltr' id='par_1_6' title="bbox 406 860 1153 995">
     <span class='ocr_line' id='line_1_13' title="bbox 406 860 1070 901; baseline -0.002 -8"><span class='ocrx_word' id='word_1_87' title='bbox 406 860 438 893; x_wconf 82' lang='lat'>1.</span> <span class='ocrx_word' id='word_1_88' title='bbox 464 860 597 893; x_wconf 84' lang='lat' dir='ltr'>Praesul</span> <span class='ocrx_word' id='word_1_89' title='bbox 621 860 764 900; x_wconf 83' lang='lat' dir='ltr'>insigniS,</span> <span class='ocrx_word' id='word_1_90' title='bbox 794 862 918 901; x_wconf 79' lang='lat' dir='ltr'><strong>martyr</strong></span> <span class='ocrx_word' id='word_1_91' title='bbox 939 860 1070 901; x_wconf 83' lang='lat' dir='ltr'>Eusebi,</span> 
     </span>
     <span class='ocr_line' id='line_1_14' title="bbox 467 906 1153 948; baseline 0 -9"><span class='ocrx_word' id='word_1_92' title='bbox 467 906 545 939; x_wconf 77' lang='lat' dir='ltr'>Oum</span> <span class='ocrx_word' id='word_1_93' title='bbox 570 906 697 939; x_wconf 75' lang='lat' dir='ltr'>Christo</span> <span class='ocrx_word' id='word_1_94' title='bbox 723 916 859 948; x_wconf 84' lang='lat' dir='ltr'>regnans</span> <span class='ocrx_word' id='word_1_95' title='bbox 884 907 987 948; x_wconf 82' lang='lat' dir='ltr'>gloria</span> <span class='ocrx_word' id='word_1_96' title='bbox 1010 909 1153 948; x_wconf 85' lang='lat' dir='ltr'>perenni,</span> 
     </span>
     <span class='ocr_line' id='line_1_15' title="bbox 464 955 1029 995; baseline 0 -8"><span class='ocrx_word' id='word_1_97' title='bbox 464 955 582 988; x_wconf 85' lang='lat' dir='ltr'>Preces</span> <span class='ocrx_word' id='word_1_98' title='bbox 608 955 723 987; x_wconf 83' lang='lat' dir='ltr'>exaudi</span> <span class='ocrx_word' id='word_1_99' title='bbox 747 955 860 995; x_wconf 89' lang='lat' dir='ltr'>populi</span> <span class='ocrx_word' id='word_1_100' title='bbox 883 955 1029 995; x_wconf 80' lang='lat' dir='ltr'>subjecti,</span> 
     </span>
    </p>

    <p class='ocr_par' dir='ltr' id='par_1_7' title="bbox 515 1003 788 1043">
     <span class='ocr_line' id='line_1_16' title="bbox 515 1003 788 1043; baseline -0.004 -8"><span class='ocrx_word' id='word_1_101' title='bbox 515 1003 642 1042; x_wconf 86' lang='lat' dir='ltr'>Optime</span> <span class='ocrx_word' id='word_1_102' title='bbox 665 1005 788 1043; x_wconf 86' lang='lat' dir='ltr'>pastor.</span> 
     </span>
    </p>
   </div>
   <div class='ocr_carea' id='block_1_7' title="bbox 405 1059 1124 1236">
    <p class='ocr_par' dir='ltr' id='par_1_8' title="bbox 405 1059 1124 1187">
     <span class='ocr_line' id='line_1_17' title="bbox 405 1059 1117 1099; baseline -0.003 -7"><span class='ocrx_word' id='word_1_103' title='bbox 405 1062 437 1094; x_wconf 82' lang='lat'>2.</span> <span class='ocrx_word' id='word_1_104' title='bbox 463 1059 598 1091; x_wconf 82' lang='lat' dir='ltr'>Romam</span> <span class='ocrx_word' id='word_1_105' title='bbox 623 1068 694 1091; x_wconf 82' lang='lat' dir='ltr'>eum</span> <span class='ocrx_word' id='word_1_106' title='bbox 717 1062 820 1090; x_wconf 84' lang='lat' dir='ltr'>matre</span> <span class='ocrx_word' id='word_1_107' title='bbox 844 1067 923 1098; x_wconf 89' lang='lat' dir='ltr'>puer</span> <span class='ocrx_word' id='word_1_108' title='bbox 947 1059 1117 1099; x_wconf 79' lang='lat' dir='ltr'>advenisti,</span> 
     </span>
     <span class='ocr_line' id='line_1_18' title="bbox 464 1106 1124 1148; baseline 0 -10"><span class='ocrx_word' id='word_1_109' title='bbox 464 1106 665 1147; x_wconf 81' lang='lat' dir='ltr'>Baptismum</span> <span class='ocrx_word' id='word_1_110' title='bbox 690 1108 789 1138; x_wconf 81' lang='lat' dir='ltr'>sumis</span> <span class='ocrx_word' id='word_1_111' title='bbox 814 1106 936 1147; x_wconf 81' lang='lat' dir='ltr'>angelis</span> <span class='ocrx_word' id='word_1_112' title='bbox 961 1106 1124 1148; x_wconf 84' lang='lat' dir='ltr'>ministris,</span> 
     </span>
     <span class='ocr_line' id='line_1_19' title="bbox 464 1152 1037 1187; baseline -0.002 0"><span class='ocrx_word' id='word_1_113' title='bbox 464 1154 600 1187; x_wconf 79' lang='lat' dir='ltr'>Scandis</span> <span class='ocrx_word' id='word_1_114' title='bbox 625 1154 668 1186; x_wconf 83' lang='lat' dir='ltr'>ad</span> <span class='ocrx_word' id='word_1_115' title='bbox 692 1154 758 1186; x_wconf 80' lang='lat' dir='ltr'>alta</span> <span class='ocrx_word' id='word_1_116' title='bbox 783 1152 921 1186; x_wconf 75' lang='lat' dir='ltr'>feciente</span> <span class='ocrx_word' id='word_1_117' title='bbox 945 1162 1037 1186; x_wconf 82' lang='lat' dir='ltr'>sacro</span> 
     </span>
    </p>

    <p class='ocr_par' dir='ltr' id='par_1_9' title="bbox 513 1201 816 1236">
     <span class='ocr_line' id='line_1_20' title="bbox 513 1201 816 1236; baseline 0.007 -2"><span class='ocrx_word' id='word_1_118' title='bbox 513 1201 661 1234; x_wconf 78' lang='lat' dir='ltr'>Flamine</span> <span class='ocrx_word' id='word_1_119' title='bbox 686 1201 816 1236; x_wconf 83' lang='lat' dir='ltr'>Christi.</span> 
     </span>
    </p>
   </div>
   <div class='ocr_carea' id='block_1_8' title="bbox 405 1257 1097 1435">
    <p class='ocr_par' dir='ltr' id='par_1_10' title="bbox 405 1257 1097 1394">
     <span class='ocr_line' id='line_1_21' title="bbox 405 1257 1070 1293; baseline -0.006 0"><span class='ocrx_word' id='word_1_120' title='bbox 405 1262 436 1293; x_wconf 87' lang='lat'>3.</span> <span class='ocrx_word' id='word_1_121' title='bbox 463 1261 541 1293; x_wconf 84' lang='lat' dir='ltr'>Post</span> <span class='ocrx_word' id='word_1_122' title='bbox 565 1259 625 1291; x_wconf 83' lang='lat' dir='ltr'>hoc</span> <span class='ocrx_word' id='word_1_123' title='bbox 651 1257 800 1291; x_wconf 84' lang='lat' dir='ltr'>defensor</span> <span class='ocrx_word' id='word_1_124' title='bbox 824 1257 901 1290; x_wconf 88' lang='lat' dir='ltr'>fidei</span> <span class='ocrx_word' id='word_1_125' title='bbox 926 1261 1070 1290; x_wconf 83' lang='lat' dir='ltr'>sacratae</span> 
     </span>
     <span class='ocr_line' id='line_1_22' title="bbox 464 1306 1097 1346; baseline -0.003 -7"><span class='ocrx_word' id='word_1_126' title='bbox 464 1307 626 1339; x_wconf 83' lang='lat' dir='ltr'>Vercellas</span> <span class='ocrx_word' id='word_1_127' title='bbox 653 1307 742 1338; x_wconf 90' lang='lat' dir='ltr'>venis</span> <span class='ocrx_word' id='word_1_128' title='bbox 766 1306 896 1346; x_wconf 86' lang='lat' dir='ltr'>praesul</span> <span class='ocrx_word' id='word_1_129' title='bbox 921 1306 1097 1345; x_wconf 85' lang='lat' dir='ltr'>ordinatus,</span> 
     </span>
     <span class='ocr_line' id='line_1_23' title="bbox 463 1353 1095 1394; baseline -0.002 -7"><span class='ocrx_word' id='word_1_130' title='bbox 463 1355 601 1388; x_wconf 80' lang='lat' dir='ltr'>Cunctos</span> <span class='ocrx_word' id='word_1_131' title='bbox 628 1362 789 1394; x_wconf 78' lang='lat' dir='ltr'>expugnas</span> <span class='ocrx_word' id='word_1_132' title='bbox 815 1353 898 1386; x_wconf 77' lang='lat' dir='ltr'>male</span> <span class='ocrx_word' id='word_1_133' title='bbox 922 1355 1095 1386; x_wconf 79' lang='lat' dir='ltr'>sentientes</span> 
     </span>
    </p>

    <p class='ocr_par' dir='ltr' id='par_1_11' title="bbox 509 1401 772 1435">
     <span class='ocr_line' id='line_1_24' title="bbox 509 1401 772 1435; baseline -0.004 0"><span class='ocrx_word' id='word_1_134' title='bbox 509 1401 772 1435; x_wconf 82' lang='lat' dir='ltr'>HaeresiarchaS.</span> 
     </span>
    </p>
   </div>
   <div class='ocr_carea' id='block_1_9' title="bbox 405 1458 1128 1635">
    <p class='ocr_par' dir='ltr' id='par_1_12' title="bbox 405 1458 1128 1595">
     <span class='ocr_line' id='line_1_25' title="bbox 405 1458 1095 1499; baseline -0.006 -6"><span class='ocrx_word' id='word_1_135' title='bbox 405 1462 438 1493; x_wconf 81' lang='lat'>4.</span> <span class='ocrx_word' id='word_1_136' title='bbox 465 1460 547 1493; x_wconf 81' lang='lat' dir='ltr'>Inde</span> <span class='ocrx_word' id='word_1_137' title='bbox 568 1458 740 1492; x_wconf 79' lang='lat' dir='ltr'>turbantur</span> <span class='ocrx_word' id='word_1_138' title='bbox 763 1458 929 1499; x_wconf 82' lang='lat' dir='ltr'>praesules</span> <span class='ocrx_word' id='word_1_139' title='bbox 953 1458 1095 1499; x_wconf 84' lang='lat' dir='ltr'>maligni,</span> 
     </span>
     <span class='ocr_line' id='line_1_26' title="bbox 462 1506 1119 1547; baseline -0.005 -7"><span class='ocrx_word' id='word_1_140' title='bbox 462 1508 619 1547; x_wconf 83' lang='lat' dir='ltr'>Princeps</span> <span class='ocrx_word' id='word_1_141' title='bbox 645 1509 677 1538; x_wconf 88' lang='lat' dir='ltr'>et</span> <span class='ocrx_word' id='word_1_142' title='bbox 699 1506 791 1539; x_wconf 85' lang='lat' dir='ltr'>miles</span> <span class='ocrx_word' id='word_1_143' title='bbox 815 1506 989 1546; x_wconf 80' lang='lat' dir='ltr'>populique</span> <span class='ocrx_word' id='word_1_144' title='bbox 1012 1506 1119 1546; x_wconf 83' lang='lat' dir='ltr'>primi,</span> 
     </span>
     <span class='ocr_line' id='line_1_27' title="bbox 462 1554 1128 1595; baseline -0.005 -7"><span class='ocrx_word' id='word_1_145' title='bbox 462 1555 626 1595; x_wconf 78' lang='lat' dir='ltr'>Synodum</span> <span class='ocrx_word' id='word_1_146' title='bbox 652 1556 777 1593; x_wconf 77' lang='lat' dir='ltr'>vocant,</span> <span class='ocrx_word' id='word_1_147' title='bbox 805 1554 910 1587; x_wconf 82' lang='lat' dir='ltr'>cuncti</span> <span class='ocrx_word' id='word_1_148' title='bbox 937 1554 1128 1594; x_wconf 83' lang='lat' dir='ltr'>colliguntur</span> 
     </span>
    </p>

    <p class='ocr_par' dir='ltr' id='par_1_13' title="bbox 510 1602 698 1635">
     <span class='ocr_line' id='line_1_28' title="bbox 510 1602 698 1635; baseline -0.011 0"><span class='ocrx_word' id='word_1_149' title='bbox 510 1602 698 1635; x_wconf 82' lang='lat' dir='ltr'>Mediolani.</span> 
     </span>
    </p>
   </div>
   <div class='ocr_carea' id='block_1_10' title="bbox 405 1658 1213 1845">
    <p class='ocr_par' dir='ltr' id='par_1_14' title="bbox 405 1658 1213 1845">
     <span class='ocr_line' id='line_1_29' title="bbox 405 1658 1102 1700; baseline -0.004 -7"><span class='ocrx_word' id='word_1_150' title='bbox 405 1663 435 1694; x_wconf 87' lang='grc'>5.</span> <span class='ocrx_word' id='word_1_151' title='bbox 463 1660 516 1692; x_wconf 87' lang='lat' dir='ltr'>Ad</span> <span class='ocrx_word' id='word_1_152' title='bbox 543 1669 636 1700; x_wconf 85' lang='lat' dir='ltr'>quam</span> <span class='ocrx_word' id='word_1_153' title='bbox 662 1662 792 1692; x_wconf 81' lang='lat' dir='ltr'>vocatus</span> <span class='ocrx_word' id='word_1_154' title='bbox 820 1658 913 1691; x_wconf 81' lang='lat' dir='ltr'>fortis</span> <span class='ocrx_word' id='word_1_155' title='bbox 938 1658 1102 1692; x_wconf 81' lang='lat' dir='ltr'>accessisti</span> 
     </span>
     <span class='ocr_line' id='line_1_30' title="bbox 464 1706 1047 1745; baseline -0.005 -5"><span class='ocrx_word' id='word_1_156' title='bbox 464 1708 507 1740; x_wconf 83' lang='lat' dir='ltr'>Et</span> <span class='ocrx_word' id='word_1_157' title='bbox 533 1711 568 1739; x_wconf 83' lang='lat' dir='ltr'>ut</span> <span class='ocrx_word' id='word_1_158' title='bbox 592 1707 715 1740; x_wconf 78' lang='lat' dir='ltr'>athleta</span> <span class='ocrx_word' id='word_1_159' title='bbox 740 1706 837 1740; x_wconf 86' lang='lat' dir='ltr'>fidem</span> <span class='ocrx_word' id='word_1_160' title='bbox 864 1706 1047 1745; x_wconf 78' lang='lat' dir='ltr'>defendisti,</span> 
     </span>
     <span class='ocr_line' id='line_1_31' title="bbox 460 1754 1213 1796; baseline -0.003 -8"><span class='ocrx_word' id='word_1_161' title='bbox 460 1756 547 1788; x_wconf 82' lang='lat' dir='ltr'>Hinc</span> <span class='ocrx_word' id='word_1_162' title='bbox 571 1764 630 1796; x_wconf 80' lang='lat' dir='ltr'>per</span> <span class='ocrx_word' id='word_1_163' title='bbox 654 1755 813 1788; x_wconf 74' lang='lat' dir='ltr'>scalamm</span> <span class='ocrx_word' id='word_1_164' title='bbox 838 1755 956 1795; x_wconf 80' lang='lat' dir='ltr'>gradus</span> <span class='ocrx_word' id='word_1_165' title='bbox 980 1764 1014 1787; x_wconf 89' lang='lat' dir='ltr'>es</span> <span class='ocrx_word' id='word_1_166' title='bbox 1040 1754 1213 1788; x_wconf 80' lang='lat' dir='ltr'>distractus</span> 
     </span>
     <span class='ocr_line' id='line_1_32' title="bbox 511 1802 777 1845; baseline -0.004 -10"><span class='ocrx_word' id='word_1_167' title='bbox 511 1803 672 1845; x_wconf 81' lang='lat' dir='ltr'>Sanguine</span> <span class='ocrx_word' id='word_1_168' title='bbox 694 1802 777 1835; x_wconf 80' lang='lat' dir='ltr'>fuso.</span> 
     </span>
    </p>
   </div>
   <div class='ocr_carea' id='block_1_11' title="bbox 407 1859 1117 2037">
    <p class='ocr_par' dir='ltr' id='par_1_15' title="bbox 407 1859 1117 1996">
     <span class='ocr_line' id='line_1_33' title="bbox 407 1859 1117 1901; baseline -0.003 -7"><span class='ocrx_word' id='word_1_169' title='bbox 407 1862 439 1894; x_wconf 93' lang='lat'>6.</span> <span class='ocrx_word' id='word_1_170' title='bbox 465 1860 593 1901; x_wconf 82' lang='lat' dir='ltr'>Flagris</span> <span class='ocrx_word' id='word_1_171' title='bbox 619 1859 768 1900; x_wconf 81' lang='lat' dir='ltr'>afflictus,</span> <span class='ocrx_word' id='word_1_172' title='bbox 793 1859 926 1893; x_wconf 86' lang='lat' dir='ltr'>verbere</span> <span class='ocrx_word' id='word_1_173' title='bbox 952 1860 1117 1900; x_wconf 84' lang='lat' dir='ltr'>contritus,</span> 
     </span>
     <span class='ocr_line' id='line_1_34' title="bbox 468 1906 1037 1948; baseline 0 -8"><span class='ocrx_word' id='word_1_174' title='bbox 468 1908 573 1940; x_wconf 84' lang='lat' dir='ltr'>Cavea</span> <span class='ocrx_word' id='word_1_175' title='bbox 598 1908 737 1947; x_wconf 79' lang='lat' dir='ltr'>strictus,</span> <span class='ocrx_word' id='word_1_176' title='bbox 765 1906 850 1939; x_wconf 79' lang='lat' dir='ltr'>fame</span> <span class='ocrx_word' id='word_1_177' title='bbox 874 1906 1037 1948; x_wconf 83' lang='lat' dir='ltr'>fatigatus,</span> 
     </span>
     <span class='ocr_line' id='line_1_35' title="bbox 467 1954 1110 1996; baseline -0.002 -8"><span class='ocrx_word' id='word_1_178' title='bbox 467 1955 570 1989; x_wconf 83' lang='lat' dir='ltr'>Exsul</span> <span class='ocrx_word' id='word_1_179' title='bbox 593 1958 624 1987; x_wconf 87' lang='lat' dir='ltr'>et</span> <span class='ocrx_word' id='word_1_180' title='bbox 649 1964 773 1996; x_wconf 81' lang='lat' dir='ltr'>pauper</span> <span class='ocrx_word' id='word_1_181' title='bbox 795 1954 933 1988; x_wconf 84' lang='lat' dir='ltr'>traheris</span> <span class='ocrx_word' id='word_1_182' title='bbox 960 1956 1110 1988; x_wconf 83' lang='lat' dir='ltr'>extremis</span> 
     </span>
    </p>

    <p class='ocr_par' dir='ltr' id='par_1_16' title="bbox 512 2003 790 2037">
     <span class='ocr_line' id='line_1_36' title="bbox 512 2003 790 2037; baseline 0 0"><span class='ocrx_word' id='word_1_183' title='bbox 512 2003 662 2037; x_wconf 79' lang='lat' dir='ltr'>Partibus</span> <span class='ocrx_word' id='word_1_184' title='bbox 693 2003 790 2037; x_wconf 83' lang='lat' dir='ltr'>orbis,</span> 
     </span>
    </p>
   </div>
   <div class='ocr_carea' id='block_1_12' title="bbox 410 2059 1087 2247">
    <p class='ocr_par' dir='ltr' id='par_1_17' title="bbox 410 2059 1087 2192">
     <span class='ocr_line' id='line_1_37' title="bbox 410 2059 1087 2101; baseline -0.006 -5"><span class='ocrx_word' id='word_1_185' title='bbox 410 2064 442 2096; x_wconf 88' lang='grc'>7.</span> <span class='ocrx_word' id='word_1_186' title='bbox 470 2062 551 2094; x_wconf 86' lang='lat' dir='ltr'>Inde</span> <span class='ocrx_word' id='word_1_187' title='bbox 572 2063 724 2095; x_wconf 82' lang='lat' dir='ltr'>reductus</span> <span class='ocrx_word' id='word_1_188' title='bbox 749 2063 872 2101; x_wconf 81' lang='lat' dir='ltr'>martyr</span> <span class='ocrx_word' id='word_1_189' title='bbox 898 2069 932 2092; x_wconf 89' lang='lat' dir='ltr'>es</span> <span class='ocrx_word' id='word_1_190' title='bbox 957 2059 1087 2093; x_wconf 79' lang='lat' dir='ltr'>effectus</span> 
     </span>
     <span class='ocr_line' id='line_1_38' title="bbox 469 2108 1039 2150; baseline 0 -8"><span class='ocrx_word' id='word_1_191' title='bbox 469 2110 583 2150; x_wconf 80' lang='lat' dir='ltr'>Capite</span> <span class='ocrx_word' id='word_1_192' title='bbox 609 2109 712 2142; x_wconf 82' lang='lat' dir='ltr'>fracto</span> <span class='ocrx_word' id='word_1_193' title='bbox 739 2109 934 2150; x_wconf 83' lang='lat' dir='ltr'>cerebroque</span> <span class='ocrx_word' id='word_1_194' title='bbox 957 2108 1039 2148; x_wconf 79' lang='lat' dir='ltr'>fuso,</span> 
     </span>
     <span class='ocr_line' id='line_1_39' title="bbox 467 2157 1061 2192; baseline 0 -2"><span class='ocrx_word' id='word_1_195' title='bbox 467 2159 581 2192; x_wconf 81' lang='lat' dir='ltr'>Victor</span> <span class='ocrx_word' id='word_1_196' title='bbox 606 2158 754 2191; x_wconf 80' lang='lat' dir='ltr'>ascendis</span> <span class='ocrx_word' id='word_1_197' title='bbox 782 2157 901 2190; x_wconf 85' lang='lat' dir='ltr'>coelica</span> <span class='ocrx_word' id='word_1_198' title='bbox 923 2157 1061 2190; x_wconf 86' lang='lat' dir='ltr'>tenendo</span> 
     </span>
    </p>

    <p class='ocr_par' dir='ltr' id='par_1_18' title="bbox 515 2207 848 2247">
     <span class='ocr_line' id='line_1_40' title="bbox 515 2207 848 2247; baseline -0.006 -7"><span class='ocrx_word' id='word_1_199' title='bbox 515 2207 615 2240; x_wconf 89' lang='lat' dir='ltr'>Omne</span> <span class='ocrx_word' id='word_1_200' title='bbox 638 2216 699 2247; x_wconf 84' lang='lat' dir='ltr'>per</span> <span class='ocrx_word' id='word_1_201' title='bbox 725 2215 848 2239; x_wconf 84' lang='lat' dir='ltr'>aevum.</span> 
     </span>
    </p>
   </div>
   <div class='ocr_carea' id='block_1_13' title="bbox 232 2264 1326 2493">
    <p class='ocr_par' dir='ltr' id='par_1_19' title="bbox 232 2264 1326 2493">
     <span class='ocr_line' id='line_1_41' title="bbox 409 2264 1103 2305; baseline -0.001 -8"><span class='ocrx_word' id='word_1_202' title='bbox 409 2265 440 2297; x_wconf 72' lang='lat'>8.</span> <span class='ocrx_word' id='word_1_203' title='bbox 465 2264 569 2297; x_wconf 83' lang='lat' dir='ltr'>Carne</span> <span class='ocrx_word' id='word_1_204' title='bbox 593 2265 715 2297; x_wconf 84' lang='lat' dir='ltr'>solutus</span> <span class='ocrx_word' id='word_1_205' title='bbox 740 2264 941 2304; x_wconf 86' lang='lat' dir='ltr'>Dominoque</span> <span class='ocrx_word' id='word_1_206' title='bbox 962 2264 1103 2305; x_wconf 78' lang='lat' dir='ltr'>junctus,</span> 
     </span>
     <span class='ocr_line' id='line_1_42' title="bbox 466 2311 1175 2353; baseline 0.001 -10"><span class='ocrx_word' id='word_1_207' title='bbox 466 2311 530 2344; x_wconf 89' lang='lat' dir='ltr'>Pro</span> <span class='ocrx_word' id='word_1_208' title='bbox 554 2312 647 2345; x_wconf 83' lang='lat' dir='ltr'>nobis</span> <span class='ocrx_word' id='word_1_209' title='bbox 673 2321 785 2353; x_wconf 80' lang='lat' dir='ltr'>preces</span> <span class='ocrx_word' id='word_1_210' title='bbox 811 2311 948 2345; x_wconf 85' lang='lat' dir='ltr'>fundere</span> <span class='ocrx_word' id='word_1_211' title='bbox 972 2321 1036 2345; x_wconf 89' lang='lat' dir='ltr'>non</span> <span class='ocrx_word' id='word_1_212' title='bbox 1060 2320 1175 2351; x_wconf 86' lang='lat' dir='ltr'>cesses,</span> 
     </span>
     <span class='ocr_line' id='line_1_43' title="bbox 468 2358 1027 2393; baseline 0.002 -3"><span class='ocrx_word' id='word_1_213' title='bbox 468 2358 516 2390; x_wconf 89' lang='lat' dir='ltr'>Ut</span> <span class='ocrx_word' id='word_1_214' title='bbox 538 2360 586 2392; x_wconf 80' lang='lat' dir='ltr'>sie</span> <span class='ocrx_word' id='word_1_215' title='bbox 608 2360 723 2393; x_wconf 85' lang='lat' dir='ltr'>muniti</span> <span class='ocrx_word' id='word_1_216' title='bbox 746 2361 836 2392; x_wconf 80' lang='lat' dir='ltr'>nulla</span> <span class='ocrx_word' id='word_1_217' title='bbox 858 2361 1027 2392; x_wconf 81' lang='lat' dir='ltr'>timeamus</span> 
     </span>
     <span class='ocr_line' id='line_1_44' title="bbox 516 2407 798 2441; baseline 0.007 -4"><span class='ocrx_word' id='word_1_218' title='bbox 516 2407 653 2441; x_wconf 81' lang='lat' dir='ltr'>Vincula</span> <span class='ocrx_word' id='word_1_219' title='bbox 675 2409 798 2441; x_wconf 79' lang='lat' dir='ltr'>mortis.</span> 
     </span>
     <span class='ocr_line' id='line_1_45' title="bbox 232 2462 1326 2493; baseline -0.008 -2"><span class='ocrx_word' id='word_1_220' title='bbox 232 2468 361 2493; x_wconf 78' lang='lat' dir='ltr'>Dreves,</span> <span class='ocrx_word' id='word_1_221' title='bbox 375 2465 464 2493; x_wconf 58' lang='lat' dir='ltr'>Hymni</span> <span class='ocrx_word' id='word_1_222' title='bbox 478 2465 575 2492; x_wconf 75' lang='lat' dir='ltr'>Inediti.</span> <span class='ocrx_word' id='word_1_223' title='bbox 1309 2462 1326 2490; x_wconf 79' lang='lat'>7</span> 
     </span>
    </p>
   </div>
  </div>
 </body>
</html>
