1651 2621
745 131 982 169 *73*-

643 245 699 280 114.
728 246 772 278 De
791 247 902 278 sancta
922 246 1087 279 christina.

425 327 455 360 1.
483 327 580 368 Virgo
605 326 740 359 sidereis
765 327 868 359 ardua
892 328 1032 368 sedibus,

479 374 536 413 Te,
565 374 735 415 Christina,
764 375 827 407 tuis
851 375 956 407 insere
979 375 1137 416 plebibus,

479 422 524 455 Ut
549 422 674 463 possint
698 422 826 462 placido
851 432 934 455 nunc
958 422 1019 455 tibi
1043 427 1173 464 pectore

528 470 648 503 Laudis
671 471 779 503 munia
803 470 937 504 solvere.

425 538 457 570 2.
484 536 533 568 Tu
555 536 658 577 patris
683 536 780 568 rutilo
806 535 977 576 splendida
1001 537 1151 576 germine,

482 583 546 616 Sed
571 584 670 617 multo
696 584 808 615 melius
833 583 973 615 moribus
1000 587 1032 615 et
1055 583 1129 623 fide‚

479 632 563 665 Dum
590 634 677 664 casto
702 630 821 671 refugis
849 640 981 671 corpore
1006 633 1177 671 saeculum,

529 679 683 719 Adquiris
710 678 856 710 comitem
882 679 994 712 Deum.

425 748 455 779 3.
485 745 580 786 Cujus
602 746 693 785 jussa
717 744 827 785 probis
853 745 975 778 actibus
1006 754 1190 786 exsequens,

481 794 579 832 Quem
603 794 707 825 saevis
734 792 866 825 ducibus
891 794 1030 833 prodere
1054 802 1115 825 non
1141 794 1245 835 times,

481 840 663 874 Contemnis
688 841 796 873 valido
821 844 952 881 pectore
976 839 1090 873 fortius

529 889 706 921 Poenarum
732 898 829 929 genus
856 888 1031 921 horridum.

422 956 454 989 4.
482 955 568 993 Quae
594 954 644 986 vel
670 956 797 995 quanta,
825 954 937 994 quibus
963 954 1086 994 proelia
1107 955 1251 995 gesseris,

478 1003 566 1043 Ignis
594 1011 663 1034 cum
688 1001 814 1042 gladiiS,
840 1000 979 1033 fustibus
1005 1005 1036 1033 et
1060 1003 1150 1042 rotis,

483 1049 613 1090 vinclis,
640 1049 828 1081 verberibus
857 1057 989 1089 cumque
1014 1048 1173 1082 ferocibus

528 1097 678 1129 Telorum
701 1097 819 1137 probat
842 1097 968 1129 ictibus

425 1166 455 1198 5.
481 1163 554 1197 Jam
579 1172 728 1204 suprema
752 1163 820 1203 poli
845 1171 925 1203 quae
949 1166 1098 1203 penetras
1123 1165 1203 1204 loca,

480 1211 582 1244 Nobis
606 1214 642 1243 ut
665 1212 808 1253 pateant,
833 1211 895 1242 hoc
918 1219 1015 1251 prece
1038 1210 1091 1243 fac
1115 1214 1179 1253 tua,

478 1259 523 1292 Et
548 1267 674 1299 semper
698 1267 881 1297 memorum,
908 1258 935 1291 si
960 1259 1197 1302 memoraberis,

531 1307 626 1339 Felix
652 1315 721 1338 esse
746 1314 867 1339 memor
891 1306 981 1339 velis.

426 1376 457 1409 6.
484 1375 538 1408 Sic
561 1375 652 1407 nobis
680 1374 791 1419 deitas,
820 1383 886 1414 rex,
913 1376 969 1406 tua
995 1373 1148 1416 conferat,

479 1423 671 1455 Discordem
697 1422 837 1454 numeris
864 1423 1043 1461 congeriem
1066 1421 1180 1462 ligans,

480 1471 527 1505 Ut
559 1474 664 1502 tecum
687 1470 796 1502 stabili
821 1478 901 1509 pace
925 1478 984 1510 per
1009 1469 1115 1501 omnia

532 1519 683 1552 Vivamus
709 1517 768 1549 tibi
793 1518 929 1550 saecula.

278 1591 498 1632 Martinengius
518 1594 537 1621 l.
560 1603 583 1622 c,
605 1603 632 1630 p.
656 1592 718 1621 171.
762 1609 776 1613 ἢ
796 1592 950 1620 Verfass1÷r
970 1594 1011 1620 ist
1029 1592 1216 1628 Alphanus
1236 1600 1304 1620 ven
1324 1591 1490 1620 Salerno‚

631 1705 687 1738 115.
718 1705 763 1737 De
783 1705 895 1737 saneta
913 1703 1081 1736 christina.

205 1790 235 1823 1.
262 1789 399 1822 Fontem
424 1787 574 1829 perennis
599 1786 722 1827 gratiae
890 1786 922 1819 4.
949 1784 1044 1816 Nunc
1068 1787 1160 1825 grata
1186 1792 1319 1823 carpens
1344 1782 1488 1824 gramina

260 1836 395 1875 Praebe,
421 1836 507 1876 quod
531 1843 576 1875 es,
601 1834 681 1866 Jesu
704 1833 767 1873 pie,
950 1833 1040 1865 Inter
1064 1840 1209 1864 rosarum
1233 1831 1375 1871 germina

262 1885 298 1917 In
324 1884 421 1916 laude
446 1886 555 1915 tantae
580 1881 713 1922 virginis
952 1879 1091 1912 Gemmis
1117 1878 1286 1910 micantem
1312 1877 1443 1918 fulgidis

261 1933 325 1965 Pro
350 1935 383 1964 te
407 1931 529 1971 paratis
555 1929 701 1962 servulis
954 1927 1067 1959 Gestat
1089 1935 1237 1958 coronam
1261 1925 1400 1960 luminis.

204 2002 236 2033 2.
263 2000 351 2032 Haec
377 2005 514 2037 namque
538 1996 677 2037 primum
696 1995 831 2034 nomine,
895 1997 925 2028 5.
953 1994 1038 2027 Vere
1061 1993 1223 2035 perauctis
1249 1992 1405 2025 fructibus

261 2048 340 2080 Post,
364 2049 397 2078 te
420 2048 550 2078 notarat,
575 2044 732 2087 dogmate,
952 2041 1067 2074 Semen
1091 2041 1220 2074 reduxit
1245 2041 1439 2081 centuplum,

261 2095 314 2128 Sic
339 2103 458 2135 sponsa
481 2093 591 2134 sponsi
616 2091 719 2132 gloria
953 2090 1029 2122 Cum
1055 2090 1117 2121 rite
1145 2087 1215 2121 fuso
1241 2089 1393 2129 sanguine

261 2144 349 2184 Apte
374 2141 439 2175 frui
464 2142 661 2174 decreverat.
956 2137 1045 2170 Talis
1068 2136 1127 2169 tibi
1150 2136 1207 2168 lux
1233 2138 1328 2176 parta
1353 2139 1411 2170 est.

203 2213 235 2245 3.
261 2211 371 2243 Exosa
395 2217 530 2249 pompas
556 2207 685 2248 saeculi,
893 2207 923 2239 6.
950 2206 1014 2238 Per
1039 2204 1237 2236 saeculorum
1262 2205 1390 2236 saecula

261 2258 309 2290 Te
332 2256 437 2291 forma
461 2255 618 2296 quaesivit
641 2255 728 2295 boni,
954 2252 1042 2285 Patri
1066 2259 1213 2292 supremo
1238 2251 1351 2292 gloria,

262 2307 361 2346 Quem
385 2303 451 2337 fixa
475 2304 548 2336 telis
573 2303 713 2336 horridis
951 2301 1061 2333 Virtus
1089 2300 1150 2332 tibi
1175 2300 1217 2331 sit
1241 2298 1307 2332 filio

262 2353 412 2387 Laudare
437 2361 596 2393 nunquam
623 2351 727 2385 desiit.
953 2348 1028 2381 Cum
1056 2348 1172 2388 spiritu
1196 2348 1363 2388 paraclito.

279 2427 497 2464 Martinengius
517 2428 536 2455 1.
559 2436 582 2454 c.
604 2436 631 2463 p.
655 2425 717 2454 172.
738 2442 777 2446 —
796 2425 950 2453 Versasser
970 2425 1010 2452 ist
1029 2423 1216 2461 Alphanus
1236 2433 1305 2452 von
1326 2423 1487 2452 Salei-no.
