1653 2622
705 126 965 161 —221—

415 222 445 256 2.
473 222 539 262 Quo
565 222 776 263 principalem
803 224 886 256 diem
913 224 1152 256 celeberrimum

474 271 562 303 Petri
587 280 738 311 queamus
764 272 926 304 cumulare
950 272 1110 312 laudibus,

474 318 677 359 Porrigentes
703 320 764 351 hoc
787 319 942 352 canticum
965 320 1192 361 hymnidicam,

475 368 581 399 Pauca
607 370 755 399 canentes
783 367 886 408 dignis
910 367 971 399 tibi
997 367 1125 400 vocibus

474 415 526 446 Ex
550 415 658 446 multis
685 415 752 455 ejus
778 415 908 447 summis
932 415 1142 448 mirabilibus.

413 482 446 514 3.
472 481 612 513 Herodis
636 482 722 521 regis
745 481 851 514 saevis
873 481 1070 521 jussionibus

474 530 588 561 Petrus
611 529 728 568 ligatus
755 532 937 561 catenarum
960 529 1103 567 nexibus,

472 577 615 617 Angelus
637 576 767 608 summis
792 576 906 608 missus
932 586 951 608 a
974 577 1133 609 sideribus

473 624 596 656 Lumen
621 624 770 656 accendit
795 625 932 656 carceris
956 624 990 655 in
1014 624 1165 664 tenebris,

474 673 604 704 Petrum
630 672 741 703 eduxit
762 670 932 711 patefactis
954 672 1071 711 januis

415 740 447 772 4.
475 739 644 771 Praevium
671 747 803 778 cumque
827 741 1013 778 sequeretur
1038 740 1194 780 angelum,

473 786 588 818 Portae
613 787 738 818 veniret
762 785 887 818 ferreae
912 787 954 819 ad
978 787 1157 829 transitum,

473 834 654 865 Transitum
680 836 774 873 porta
797 834 947 874 praebuit
969 835 1158 868 ultroneum.

471 881 562 913 Tunc
588 884 738 913 exeuntes
764 882 866 913 vicum
892 891 988 913 unum
1012 885 1187 925 transeunt,

470 930 579 968 Atque
604 939 623 961 a
647 929 744 961 Petro
769 938 843 961 mox
870 929 1018 961 discessit
1042 930 1182 969 angelus,

414 994 446 1026 5.
472 993 527 1026 Ad
552 1003 587 1025 se
611 1002 759 1026 reversus
783 996 898 1027 Petrus
923 1003 1031 1026 secum
1054 995 1210 1035 loquitur:

474 1041 569 1073 Nunc
593 1041 659 1073 scio
685 1050 761 1073 vere
785 1042 870 1074 hunc
894 1041 994 1074 fuisse
1018 1043 1174 1082 angelum,

475 1089 623 1129 Desuper
645 1089 775 1121 missum
800 1089 879 1121 mihi
903 1091 937 1121 in
961 1090 1167 1133 praesidium,

474 1137 529 1168 Me
553 1136 743 1168 liberantem
769 1137 808 1168 ab
834 1136 973 1169 Herodis
998 1137 1141 1169 manibus

473 1183 681 1224 Judaicisque
706 1184 1006 1224 exspectationibus

416 1250 449 1282 6.
477 1249 589 1282 Gloria
613 1251 699 1290 patri
719 1248 849 1290 filioque
874 1250 1013 1290 claritas,

474 1297 614 1338 Spiritus
638 1298 742 1330 sancti
767 1308 830 1330 una
852 1298 884 1329 in
911 1297 1099 1338 substantia,

474 1345 618 1385 Regnum
643 1354 793 1386 perenne,
819 1346 924 1377 lumen
950 1345 1145 1388 indeficiens,

474 1392 616 1425 Trinitas
642 1402 773 1432 summa,
800 1393 939 1425 indivisa
963 1394 1078 1436 unitaS,

473 1440 567 1472 Nunc
593 1445 624 1472 et
647 1449 707 1481 per
734 1443 847 1473 cuncta
871 1441 1069 1473 saeculorum
1094 1441 1229 1473 saecula.

246 1526 356 1560 Hymn.
376 1534 431 1553 ms.
450 1525 675 1562 Neapolitanus.
696 1534 771 1554 saec.
792 1524 867 1554 1⁸l14.
899 1526 970 1554 (lod.
983 1527 1169 1562 Neapolitan.
1190 1528 1234 1555 VI
1250 1526 1276 1555 G
1295 1525 1341 1555 29.

171 1564 202 1590 in
226 1562 289 1591 hoc.
312 1577 349 1583 μ
371 1561 398 1597 2,
419 1561 439 1592 4
459 1563 574 1600 dignus.
595 1578 635 1583 —
653 1561 679 1598 3,
700 1563 721 1592 4
742 1564 854 1592 Petrus.
875 1580 912 1584 —
932 1562 960 1599 4,
981 1562 999 1591 2
1018 1566 1120 1593 venire
1139 1565 1242 1593 ferreo.

577 1713 643 1745 374.
672 1714 717 1746 De
737 1721 761 1744 s.
781 1714 874 1746 Petro
897 1714 1080 1747 coelestino.

712 1791 761 1820 Ad
781 1791 939 1829 Vesperas.

171 1869 201 1902 1.
230 1868 437 1901 Gratulemur
462 1869 650 1902 extollentes
858 1872 890 1903 3.
916 1870 991 1902 Zelo
1017 1870 1146 1902 fervens
1171 1872 1301 1911 pietatis

277 1916 449 1951 Goelestini
474 1917 598 1957 merita,
962 1918 1013 1949 Ac
1038 1918 1189 1951 virtutum
1213 1920 1329 1962 studio,

229 1964 356 1998 Christo
382 1965 449 2007 regi
472 1965 693 2004 persolventes
918 1966 1030 1999 Carnis
1057 1974 1163 1999 curam
1186 1967 1355 2006 parcitatis

276 2014 358 2046 Vota
381 2013 513 2045 laudum
541 2012 659 2052 debita,
962 2012 1108 2046 Infrenat
1127 2015 1260 2056 jejunio,

226 2061 286 2101 Qui
312 2063 443 2094 coronat
467 2059 655 2093 confitentes
915 2061 1010 2094 Dulci
1036 2061 1119 2095 viam
1144 2063 1288 2095 veritatis

273 2110 385 2142 Palma
410 2109 496 2142 vitae
518 2109 660 2142 reddita.
962 2109 1111 2142 Edocens
1137 2111 1272 2151 eloquio.

165 2180 196 2211 2.
224 2177 349 2210 Horum
374 2177 446 2209 luce
473 2176 651 2208 claritatem
857 2176 889 2209 4.
916 2176 978 2220 Sic,
1006 2178 1053 2210 sic
1076 2177 1167 2210 lucra
1192 2180 1405 2212 commendati

272 2225 475 2259 Praecellens
501 2224 634 2265 originis
962 2224 1089 2258 Talenti
1115 2226 1329 2267 conduplicat,

227 2273 426 2306 Coelestinus
454 2273 642 2314 dignitatem
915 2272 1015 2306 Verbi
1040 2283 1156 2306 numen
1180 2274 1340 2307 incarnati

273 2321 330 2354 Sui
356 2321 495 2362 complet
518 2321 664 2363 nominiS,
963 2320 1048 2353 Dum
1072 2323 1239 2363 scripturis
1266 2325 1404 2364 explicat

229 2369 283 2402 Ad
310 2369 457 2402 coelestis
484 2368 648 2401 caritatem
917 2369 962 2401 Et
985 2370 1102 2403 erroris
1129 2371 1329 2404 condemnati

271 2417 338 2451 Nos
364 2416 540 2450 informans
565 2417 714 2450 numiniS.
963 2418 1170 2459 Impostivam
1195 2420 1334 2455 abdicat.

1395 1524 1488 1562 -2‚3
