1651 2621
703 128 936 164 —94—

171 224 202 258 3.
229 224 292 256 Hic
317 226 401 257 claro
426 228 518 265 patre
542 226 664 265 genitus
852 226 883 259 6,
910 224 1007 263 Quem
1031 225 1136 263 precis
1163 224 1265 255 victus
1290 221 1392 261 pretio

230 271 331 304 Glaris
358 272 504 304 clarescit
527 272 647 303 meritis
910 271 1043 304 Sanctus
1067 272 1203 312 benigne
1227 267 1383 307 confovet,

228 319 462 359 Ambrosioque
486 320 622 351 traditus
908 321 1001 351 Anno
1026 322 1076 350 ter
1102 319 1182 351 deno
1207 317 1301 348 tertio

226 366 306 406 Ejus
331 365 486 398 formatur
510 366 649 398 monitis.
908 367 1139 399 Archilevitam
1164 364 1337 404 promovet.

169 434 201 465 4.
227 432 303 463 Mox
329 433 450 472 palmes
475 432 533 464 viti
558 432 670 464 similis
851 436 881 467 7.
909 433 969 472 Qui
992 442 1065 465 mox
1089 433 1242 465 talentum
1269 428 1421 461 creditum

225 479 414 519 Exemplum
446 480 539 512 datur
564 479 695 520 civibus,
907 480 977 512 Non
1004 481 1108 520 segnis
1133 483 1238 510 terrae
1262 475 1409 516 credidit,

227 526 310 564 Quos
339 527 556 567 archipraesul
581 526 696 559 nobilis
908 527 972 559 Sed
997 535 1055 567 per
1080 527 1231 558 virtutum
1256 522 1403 554 meritum

227 573 380 613 Supernis
405 575 487 614 rigat
512 574 676 607 imbribus,
909 574 1037 614 Duplex
1061 573 1166 606 fidelis
1191 569 1344 602 reddidit.

168 641 199 673 5.
226 640 304 671 Post
326 639 444 672 factum
469 640 695 673 subdiaconum
849 644 880 675 8.
908 640 1020 673 Gloria
1043 640 1087 671 sit
1110 638 1262 671 altissimo

226 687 413 720 Ambrosius
437 687 575 720 Zenobio
908 687 997 720 Patri
1022 689 1054 718 et
1075 685 1244 727 unigenito,

227 733 431 766 Commendat
455 735 536 767 votis
563 742 730 766 consonum
906 734 1021 766 Sancto
1046 734 1139 765 simul
1163 732 1301 773 spiritui,

224 781 333 813 Patris
358 780 528 814 fovendum
554 782 683 822 gremio,
907 781 976 812 Deo
999 780 1198 812 indivisibili.

244 865 351 899 Hymn.
390 874 441 892 ms.
475 865 661 893 Florontinus
699 873 774 893 saec.
805 862 848 892 13.
902 864 972 892 cod.
1004 865 1142 892 Laui-ent.
1176 863 1270 890 Aedil.
1311 859 1374 889 131.
1408 860 1473 888 add.

167 910 232 930 sae-n
270 901 313 929 15.
334 916 370 922 —-
389 901 418 935 4,
440 901 456 930 1
480 903 555 931 sitis.

602 1012 664 1043 152.
694 1012 737 1043 De
757 1012 866 1043 sancto
887 1011 1037 1050 Eugenio.

720 1096 768 1127 Ad
790 1096 918 1127 Laudes.

169 1175 202 1207 1.
228 1174 382 1207 Coruscat
404 1174 458 1205 hic
480 1174 653 1208 miraculis,
851 1176 883 1208 3.
910 1173 982 1206 Jam
1005 1176 1133 1207 sanctus
1157 1172 1262 1206 fessus
1284 1174 1438 1206 lectulum

228 1221 311 1253 Nam
337 1222 447 1253 matris
472 1222 578 1262 proles
601 1225 726 1254 mortua
908 1222 1047 1254 Poscens
1071 1221 1245 1262 prophetat
1267 1221 1448 1262 transitum,

228 1270 291 1301 Per
315 1270 399 1301 hunc
425 1270 577 1309 collegam
602 1271 758 1309 praesulis
909 1270 999 1301 Inter
1022 1272 1191 1309 utrumque
1215 1269 1397 1309 praesulum

226 1316 302 1348 Vita
325 1317 464 1348 laetatur
487 1315 594 1348 reflua.
911 1316 1015 1348 Coelis
1042 1317 1159 1348 emittit
1183 1317 1341 1356 spiritum.

168 1384 198 1414 2.
225 1382 288 1414 Per
312 1383 396 1414 hunc
420 1385 493 1421 post
516 1383 601 1414 vitae
626 1383 772 1415 redditur
851 1385 883 1416 4.
911 1382 1023 1415 Gloria
1046 1383 1089 1413 sit
1111 1382 1253 1423 ingenito

228 1429 439 1469 Propinquus,
464 1437 537 1460 mox
562 1433 598 1461 ut
622 1431 763 1470 tangitur
909 1431 998 1462 Patri
1025 1432 1056 1461 et
1080 1430 1241 1470 unigenito

228 1475 384 1515 Lympha,
410 1485 501 1516 quam
529 1477 583 1508 (lat
608 1477 775 1518 Zenobius,
909 1477 982 1509 Una
1009 1486 1077 1509 cum
1103 1479 1212 1509 sancto
1238 1476 1366 1510 flamine

228 1522 296 1554 Nec
322 1523 412 1555 abest
435 1524 510 1555 hinc
534 1524 731 1557 Ambrosius.
910 1524 1002 1556 Omni
1026 1526 1183 1555 terrarum
1210 1525 1350 1556 cardine.

245 1606 354 1671 ῆξωη.
392 1615 444 1633 ms.
478 1606 665 1634 Florentinus
704 1614 779 1634 saec.
813 1605 856 1634 15..
911 1606 979 1634 Cod.
1011 1608 1149 1635 Laui-ent.
1182 1607 1278 1635 Aedil.
1315 1605 1376 1635 131.
1411 1607 1476 1635 add.

174 1652 242 1672 3aec.
302 1665 309 1671 .

585 1754 646 1786 153.
678 1754 722 1785 De
743 1755 853 1785 sancta
872 1754 1054 1794 Euphemia.

171 1835 203 1867 1.
228 1835 397 1866 Auctorem
424 1835 472 1865 sui
497 1835 630 1866 nominis
850 1837 881 1868 4.
908 1834 1128 1867 Perfectorum
1152 1844 1281 1868 numero

231 1881 351 1913 Chorus
377 1882 537 1914 collaudat
561 1881 726 1923 virginum,
910 1882 1008 1922 Virgo
1036 1883 1151 1915 decora
1171 1883 1324 1923 J'ungitur,

227 1928 402 1961 Concentus
428 1938 517 1961 sacer
541 1932 678 1966 resonat,
910 1929 974 1962 Sed
998 1930 1176 1969 Euphemia
1201 1932 1325 1970 rapitur

225 1975 290 2008 Nos
316 1977 395 2008 haec
422 1979 534 2018 tangat
556 1977 731 2011 harmonia.
907 1977 1026 2010 Parata
1049 1978 1090 2009 ad
1116 1979 1312 2017 martyrium.

173 2044 204 2074 2.
231 2042 358 2074 Priscus
385 2043 594 2075 Calcedoniae
852 2046 869 2077 5
908 2044 1005 2084 Ignis,
1034 2051 1150 2083 carcer,
1177 2046 1257 2084 rota,
1281 2045 1364 2084 lapis

229 2090 413 2131 Proconsul,
441 2091 498 2123 sed
523 2090 742 2130 nequissimus,
909 2091 973 2123 Sed
997 2091 1161 2132 recedunt,
1192 2092 1377 2135 sartagines,

229 2136 379 2169 Edictum
405 2138 479 2171 tulit
498 2137 677 2178 profanum,
908 2138 1049 2170 Leonum
1075 2136 1163 2170 furor
1189 2139 1296 2171 exiens

229 2184 275 2217 Ut
298 2185 473 2217 adorarent
495 2185 592 2219 idola,
908 2184 954 2216 Et
977 2185 1120 2217 bestialis
1143 2186 1292 2225 impetus,

168 2254 200 2286 3.
225 2250 386 2284 Luctuosa
407 2251 561 2285 tubicinia
851 2253 881 2285 6.
907 2250 1107 2285 Perfidorum
1130 2261 1300 2286 numerosa

229 2297 385 2339 Clangore
410 2300 507 2331 corda
529 2299 678 2339 concutit,
908 2299 1065 2338 Perpessa
1092 2302 1140 2331 est
1164 2301 1331 2341 supplicia,

227 2346 310 2379 Deni
335 2348 468 2386 quatuor
493 2349 525 2378 et
548 2356 661 2380 novem
910 2345 1042 2378 Gladius
1068 2347 1124 2379 sed
1149 2348 1288 2387 palmam
1315 2351 1414 2392 dedit,

227 2393 304 2428 Sese
328 2394 498 2426 retrudunt
520 2398 687 2434 martyres.
909 2393 1080 2427 Coronavit
1105 2397 1290 2430 constantia.
