1651 2621
741 156 996 192 —136—

657 270 722 301 227.
751 270 796 301 De
816 270 921 301 saneto
941 268 1102 301 Januario.

747 347 794 376 Ad
812 347 1001 377 Nocturnum.

253 442 260 450 .
285 418 407 450 Psallat
432 419 557 447 eantum
579 416 647 448 Deo
673 419 816 448 sanetum
904 417 937 449 4.
964 415 1049 448 Gens
1072 414 1178 447 vicina
1201 421 1279 452 prae
1300 412 1401 449 ruina,

332 464 463 503 Semper
485 464 519 495 in
544 463 633 495 bonis
658 463 781 495 actibus
1012 463 1089 495 Cum
1113 460 1198 502 globi
1219 459 1301 500 ignis
1327 456 1475 496 defluunt,

285 513 377 544 Mens
400 511 537 542 humana
559 520 622 542 non
646 509 783 550 profana
962 511 1196 550 Praegravatur
1221 510 1253 538 et
1276 508 1414 546 sanatur,

333 559 465 591 Somno
489 556 651 589 refectis
670 557 844 589 artubus.
1009 555 1180 589 Vexilla
1215 553 1330 593 regis
1365 550 1522 591 prode-

251 641 258 648 .
287 615 410 648 Christo
438 615 532 646 decus
558 614 656 646 addat
678 617 785 646 coetus
1296 610 1316 631 Π
1324 609 1345 631 n
1353 601 1375 630 f*

332 663 353 695 J
354 662 476 694 aunarii
501 661 650 700 carmine,
904 662 935 693 5.
962 660 1152 692 Suscitatum
1174 658 1267 689 matri
1292 658 1400 688 natum

287 711 383 748 Quem
410 709 530 740 creavit,
554 711 586 739 et
611 708 732 740 dotavit
1007 706 1148 739 Donavit
1173 703 1414 737 clementissime

319 758 348 788 A
373 755 488 787 solus
514 758 632 787 ortus
658 755 844 787 cardine.
961 756 1075 787 Pastor
1101 753 1211 792 dignus
1237 754 1268 782 et
1292 750 1456 803 benignus,

252 839 259 846 .
286 812 434 844 Sanctum
456 820 575 843 morem
601 814 632 843 et
655 812 805 843 honorem
1007 803 1038 833 A
1048 804 1088 832 0¹³
1097 809 1166 831 θΓΠ
1176 807 1193 830 θ
1208 808 1226 830 1'
1235 807 1281 829 θΧ
1295 797 1333 829 3⁰1
1342 800 1375 828 'U
1384 806 1399 828 S
1409 806 1444 827 Sl
1454 804 1483 826 Π]
1494 804 1521 828 θ·

328 859 454 891 Dedisti
478 862 512 890 tu
535 858 709 900 Florentio,
903 860 933 891 6.
959 858 1067 890 Mente
1090 859 1157 888 tota
1182 858 1214 886 et
1239 855 1354 886 devota

289 906 388 938 Prece
411 906 512 944 patris
537 915 681 945 magnum
706 905 795 947 satis,
1008 904 1174 937 Cantemus
1199 903 1280 934 almo
1305 900 1444 940 praesuli

329 955 447 991 Jesu,
473 955 623 983 nostra
647 953 841 991 rodemp-
956 952 994 984 In
1017 952 1077 983 hoe
1100 953 1174 981 tono
1199 949 1261 981 Dei
1289 949 1381 987 dono,

658 999 727 1031 tio.
1004 994 1523 1035 Jesu,sa1vatorsae0uli.

486 1057 504 1088 ’7
510 1081 516 1088 .
544 1055 669 1087 Summe
693 1055 808 1087 bonam
835 1055 876 1086 da
900 1064 1057 1094 coronam,

589 1102 682 1134 Vitae
704 1102 818 1134 beatae
840 1102 1023 1141 praemium,

542 1150 580 1180 In
606 1152 733 1180 aeterno
756 1149 847 1180 nobis
872 1157 968 1188 regno

589 1196 776 1237 Christe,
803 1206 819 1227 r
832 1196 1051 1234 edemptor
1075 1194 1264 1227 omnium.

297 1280 381 1307 Brev.
407 1287 459 1306 ms.
478 1278 507 1306 S.
529 1279 632 1306 Clarae
649 1279 796 1314 Neapolit.
817 1287 890 1306 saec.
913 1277 957 1306 14.
1001 1278 1070 1306 Cod.
1092 1276 1264 1304 Oasanaten.
1285 1278 1309 1304 B
1334 1277 1382 1304 ΠΙ
1400 1275 1418 1304 5
1437 1275 1523 1312 (407).

248 1338 255 1344 .
277 1332 313 1336 —
332 1318 433 1353 Propr.
453 1317 680 1352 Neapolitanum
699 1318 769 1352 imp.
789 1316 915 1352 Neapoli
936 1314 1017 1344 1525.
1037 1317 1073 1343 B.

651 1444 717 1475 228.
747 1444 790 1475 De
810 1445 914 1476 sancto
935 1445 1095 1477 Januario.

764 1522 813 1551 Ad
831 1522 957 1552 Laudes.

244 1617 250 1623 .
277 1591 403 1623 Laudes
434 1591 547 1622 chorus
572 1593 636 1621 tam
663 1591 793 1623 decorus
898 1593 931 1625 4.
956 1592 1019 1624 Per
1045 1590 1227 1624 defunctum
1252 1592 1318 1624 vita
1341 1593 1474 1623 multum

321 1637 472 1670 Januario
493 1637 620 1679 jubilat,
1001 1640 1095 1671 Patet,
1117 1638 1253 1678 perfecti
1278 1639 1423 1678 hominis,

280 1685 356 1717 Cum
381 1686 413 1717 iu
438 1693 531 1715 mane
554 1685 632 1716 satis
655 1685 750 1724 plane
958 1685 1035 1717 Cum
1060 1686 1200 1718 surrexit
1224 1688 1256 1717 et
1278 1687 1432 1727 perrexit,

325 1734 493 1764 Aurora
516 1732 627 1762 lueis
652 1733 818 1764 rutilat.
1006 1733 1188 1766 Consors
1239 1734 1413 1773 paterni
1457 1734 1522 1766 lu-

1293 1781 1374 1813 min
1382 1781 1394 1812 i
1403 1790 1428 1814 s.

244 1863 250 1868 .
277 1836 336 1875 Qui
357 1835 499 1873 bellavit,
525 1836 698 1877 superavit,
900 1839 930 1870 5.
957 1836 1039 1875 Quos
1064 1837 1198 1869 salutem
1223 1840 1255 1868 et
1275 1838 1426 1869 virtutem

325 1883 433 1915 Habet
458 1883 571 1914 exinde
595 1883 751 1924 meritum,
1004 1884 1125 1916 Pressit
1149 1885 1294 1925 antiquus
1319 1886 1477 1926 proditor,

278 1931 410 1962 Hostem
433 1939 548 1962 vanum
574 1932 606 1961 et
629 1931 786 1970 insanum,
956 1932 1002 1964 Ut
1025 1932 1137 1971 oravit,
1163 1932 1357 1973 impetravit,

325 1977 838 2016 Deus,tuorummilitum.
1002 1979 1119 2021 Audi,
1144 1979 1311 2020 benigne
1329 1980 1523 2014 eonditor.

245 2063 251 2070 ,
277 2035 335 2066 Vir
359 2033 504 2066 tribunus
530 2036 600 2066 orat
623 2043 740 2073 pronus
753 2045 760 2066 :
901 2036 931 2068 6.
956 2037 1147 2076 Approbata
1172 2038 1204 2067 et
1227 2036 1324 2067 beata

322 2082 406 2114 Mihi
430 2081 561 2114 salutem
583 2081 699 2123 obtine,
1005 2083 1131 2116 Stantes
1156 2084 1189 2115 in
1213 2082 1278 2114 fide
1303 2084 1408 2126 solidi,

282 2129 414 2161 Sanetus
441 2129 527 2160 venit
552 2131 583 2159 et
609 2137 669 2160 nve
681 2129 737 2169 nit,
957 2130 991 2162 Si
1015 2132 1158 2172 velimus,
1183 2139 1259 2161 vere
1283 2130 1365 2162 imus

323 2176 450 2208 Lueis
477 2179 648 2207 creator
672 2176 838 2216 optime.
1003 2178 1065 2210 Ad
1099 2186 1268 2209 coenam
1302 2179 1402 2218 agni
1425 2188 1524 2219 pro-

1296 2226 1335 2258 vi
1346 2226 1366 2258 d
1374 2226 1396 2259 i.

561 2282 591 2313 7.
618 2280 680 2312 Pro
710 2280 850 2319 peccatis
872 2280 939 2320 jam
962 2282 1105 2321 purgatis

664 2327 756 2359 Prius
782 2336 931 2360 concessa
954 2329 1048 2360 venia

617 2375 718 2407 Nobis
746 2376 838 2408 detur
862 2378 893 2407 et
920 2376 1054 2409 donetur

661 2424 850 2456 Aeterna
874 2424 986 2456 coeli
1009 2424 1160 2465 gloria.
