1651 2621
707 126 966 163 —153—

183 219 215 251 3.
241 219 328 252 Hinc
350 220 409 253 ille
433 230 565 263 serpens
589 224 719 266 lividus,
882 227 914 259 7.
940 226 1019 257 Post
1043 225 1171 266 praesul
1197 223 1316 258 Christi
1338 222 1468 256 Domini

241 267 358 300 Mortis
384 278 506 302 veneno
528 270 683 313 perfidus,
939 273 984 305 Et
1006 275 1109 306 mater
1132 273 1327 312 monasterii,

241 314 335 347 Hanc
359 317 532 356 pollicetur
556 320 687 352 tradere
940 321 1018 353 Pari
1043 329 1159 353 corona
1180 320 1283 353 incliti

243 362 394 397 Malefico
418 365 452 397 in
482 366 613 401 scelere.
940 366 1099 400 Effulsere
1122 367 1278 408 martyrii.

186 422 219 455 4.
246 421 446 462 Aggreditur
467 422 596 455 insidiis
882 426 914 458 8.
942 424 1089 465 Regnant
1111 425 1144 457 in
1171 425 1266 456 coelis
1291 425 1388 463 aurei,

247 467 377 501 Castum
403 469 507 502 cubile
531 471 674 514 virginiS,
942 472 1001 511 Qui
1025 473 1078 504 hic
1102 473 1205 505 vicere
1230 472 1337 513 ferrei,

247 515 313 555 Quo
338 517 507 557 pelliceret
531 516 708 562 fraudibus,
941 521 1068 560 Agnum
1093 522 1266 560 sequuntur
1290 522 1465 559 praevium,

246 564 346 603 Quam
370 566 561 606 protegebat
583 566 748 599 Dominus
942 567 1039 606 Quem
1065 568 1191 599 coluere
1214 567 1395 600 Dominum.

188 621 219 653 5.
247 621 293 654 At
316 621 407 662 virgo
432 621 526 654 fortis
551 623 683 655 brachio
884 624 915 656 9.
943 624 1114 656 Precemur
1139 632 1213 664 ergo
1237 623 1362 664 singuli,

247 667 358 700 Crucis
383 670 504 702 munita
529 670 633 710 clipeo
944 672 1059 704 Omnes
1084 672 1253 703 clamemus
1279 670 1409 710 subditi,

246 715 348 749 Hoste
370 718 532 757 prostrato
556 718 655 757 impio
943 719 1010 758 Quo
1035 726 1145 751 sacrae
1169 719 1280 751 matris
1305 719 1417 750 merito
1456 745 1459 748 .

246 763 387 797 Lucrato
413 765 531 804 gaudet
555 765 690 799 aemulo.
943 767 1069 799 Christo
1097 766 1239 799 vivamus
1263 765 1411 798 Domino.

187 821 220 853 6.
248 821 398 854 Adscivit
421 820 484 854 sibi
503 822 634 862 socium⁷
873 824 928 858 10.
942 823 1054 855 Gloria
1077 824 1121 855 sit
1144 823 1308 865 altissimo,

247 868 346 907 Quem
370 869 459 909 prius
485 870 586 901 sensit
609 871 777 915 aemulum,
945 871 1035 903 Celso
1061 872 1114 911 qui
1138 872 1229 903 sedet
1256 871 1347 910 solio,

248 916 306 955 Qui
329 916 433 955 juncti
458 917 552 948 simul
576 917 676 950 validi
946 918 1005 957 Qui
1030 918 1147 950 sanctis
1173 921 1268 959 auget
1289 918 1432 958 praemia

246 963 406 996 Praedam
432 965 574 996 tulerunt
598 965 752 997 barathri.
945 966 1063 1007 Optata
1086 968 1160 1005 post
1184 966 1359 999 victoriam.

264 1039 350 1067 Brev.
369 1047 422 1066 ms.
443 1039 648 1067 Placentinum
669 1048 746 1068 saec.
769 1038 813 1068 14.
847 1040 915 1068 Cod.
938 1039 1033 1076 Capit.
1056 1040 1223 1068 Placentini
1247 1038 1290 1068 18.
1311 1041 1345 1068 A.
1366 1054 1401 1059 —
1422 1041 1507 1068 Brev.

191 1085 245 1104 ms.
275 1077 482 1105 Placentinum
513 1085 589 1105 saec.
620 1075 700 1106 M‘lia
747 1077 816 1106 Ood.
848 1077 942 1114 Capit.
973 1078 1103 1106 Placent.
1136 1076 1180 1105 21.
1206 1079 1238 1105 B.
1269 1092 1306 1097 —
1336 1079 1421 1106 BreV.
1452 1087 1505 1106 ms.

190 1114 397 1143 Placentinum
418 1123 494 1143 saec.
519 1113 561 1143 15.
598 1115 667 1143 Cod.
690 1116 778 1151 Capit
793 1116 924 1144 Placent.
949 1114 992 1144 19.
1014 1115 1045 1143 C.
1066 1130 1103 1135 —
1122 1116 1209 1144 Brev.
1230 1124 1283 1144 ms.
1304 1116 1507 1144 Placentinum

190 1160 266 1181 saec.
289 1152 334 1181 15.
374 1153 445 1181 Cod.
467 1153 562 1189 Capit.
583 1153 714 1182 Placent.
736 1152 782 1182 20.
801 1154 839 1181 D.
860 1170 897 1175 —-
916 1154 1009 1182 Psalt.
1030 1163 1083 1182 ins.
1103 1154 1310 1182 Placentinum
1332 1156 1402 1182 anni
1424 1152 1508 1182 1514.

191 1190 260 1219 Ood.
287 1191 381 1226 Capit.
408 1191 539 1219 Placent.
570 1189 616 1219 49.
644 1192 680 1220 Ε.
711 1206 745 1212 -
775 1193 867 1220 Psalt.
893 1200 946 1220 ins.
971 1192 1176 1220 Placentinum
1203 1193 1274 1220 anni
1305 1191 1386 1220 1515.
1435 1192 1506 1220 Cod.

189 1229 289 1295 gap-it:
317 1229 449 1257 Placent.
473 1227 520 1257 48.
545 1230 578 1257 F.
605 1245 642 1249 —
667 1231 754 1258 Mel.:
774 1231 853 1259 Veni
880 1233 993 1258 creator
1022 1232 1144 1267 spiritus
1162 1230 1224 1259 EF.
1246 1246 1283 1251 -
1307 1230 1392 1259 uach
1413 1230 1470 1258 Str.
1490 1229 1510 1258 4

219 1276 319 1295 ivisio.

582 1389 648 1420 256.
678 1390 722 1421 De
741 1397 782 1421 ss.
804 1389 894 1421 Justo
917 1391 949 1422 et
970 1390 1133 1422 Clemente.

193 1470 223 1504 1.
252 1469 277 1503 O
302 1469 493 1503 confessoris
523 1469 632 1512 lucidi,
892 1472 922 1505 6,
948 1470 1069 1502 Deerat
1094 1469 1244 1501 alimonia

251 1517 362 1551 Justus
389 1519 421 1549 et
447 1517 592 1550 Clemens
617 1517 730 1560 incliti,
950 1518 1082 1558 Populis
1106 1518 1139 1549 in
1166 1517 1314 1557 Antonia,

251 1564 319 1598 Nos
345 1565 521 1605 promimus
548 1564 748 1597 christicolas
949 1565 1117 1605 Supplices
1143 1567 1237 1596 orant
1258 1563 1438 1607 Dominum,

250 1612 314 1646 Vos
339 1621 440 1654 usque
464 1612 504 1645 ab
530 1611 677 1645 infantia.
948 1612 994 1645 Ut
1018 1611 1102 1645 ferat
1126 1612 1332 1652 adjutorium.

193 1672 223 1705 2.
251 1670 406 1712 Liquistis
431 1673 551 1702 terram
576 1668 724 1703 Africam
891 1672 921 1703 ’7.
948 1670 1069 1702 Audite
1099 1679 1172 1702 nam
1197 1670 1373 1710 consilium,

250 1719 397 1752 Innando
423 1718 525 1750 multa
552 1718 664 1759 maria,
947 1719 1058 1751 Justus
1085 1720 1116 1749 et
1142 1717 1287 1750 Clemens
1312 1718 1470 1759 inquiunt,

251 1768 337 1808 Quae
360 1765 506 1806 profecto
531 1769 565 1798 ut
591 1766 727 1798 transita
949 1766 1105 1799 Praebete
1129 1774 1229 1806 panes
1254 1766 1400 1808 optimos,

249 1814 407 1847 Adivistis
434 1823 488 1846 vos
513 1814 674 1847 Tusciam.
949 1814 1099 1853 Projicite
1123 1813 1166 1846 ad
1193 1812 1388 1846 Guandalos.

192 1874 223 1906 3.
253 1871 403 1904 Germani
426 1879 483 1903 vos
509 1879 580 1903 cum
604 1870 727 1912 Regulo
891 1872 921 1904 8.
948 1870 1083 1902 Arridet
1108 1871 1208 1902 omnis
1233 1871 1370 1910 populus

255 1919 391 1952 Venistis
421 1918 673 1961 archiepiscopo,
950 1918 1138 1950 Sanctorum
1166 1918 1205 1949 de
1231 1919 1372 1958 consilio,

249 1969 313 2001 Per
338 1976 394 1999 vos
420 1965 499 1999 fecit
523 1965 672 2006 prodigia
949 1966 1013 1998 Pro
1037 1966 1139 2005 petris
1163 1974 1263 2005 panes
1286 1966 1419 2007 jaciunt,

249 2016 405 2049 Dominus
430 2015 464 2046 in
487 2014 591 2047 Italia.
949 2013 1004 2046 Ad
1029 2013 1114 2045 bella
1139 2014 1264 2053 quando
1290 2013 1433 2047 veniunt.

190 2077 223 2109 4.
250 2073 421 2108 Civitatem
447 2071 620 2104 Antoniam
892 2072 923 2105 9.
950 2070 1061 2103 Hostis
1088 2074 1158 2104 erat
1182 2070 1357 2113 famelicus,

250 2121 540 2156 Circumdederunt
566 2119 693 2160 agmina
950 2119 1114 2152 jacturam
1131 2122 1280 2160 prompte
1293 2120 1505 2160 commedunt,

251 2169 490 2204 Guandalorum
518 2176 589 2200 cum
615 2166 760 2208 clippeis‚
949 2167 997 2200 Ut
1019 2169 1156 2208 tangunt
1180 2176 1237 2200 ora
1261 2168 1407 2212 panibus,

249 2218 399 2252 Arcubus
423 2219 520 2257 atque
544 2215 676 2248 lanceis.
949 2214 1050 2256 Lapsi
1073 2218 1147 2248 sunt
1171 2215 1210 2248 ab
1234 2215 1295 2248 hoc
1319 2216 1458 2249 saeculo.

190 2280 221 2312 5.
249 2276 334 2309 Satis
361 2274 492 2308 dolebat
521 2274 657 2314 populus
880 2272 934 2306 10.
952 2273 1094 2313 Praesta,
1121 2273 1216 2306 beata
1241 2273 1380 2314 trinitas,

249 2324 405 2358 Obsessus
433 2322 528 2355 valde
552 2321 679 2362 nimius>
949 2320 994 2353 Ut
1019 2329 1079 2360 per
1103 2321 1244 2361 ipsorum
1269 2322 1385 2354 merita

249 2375 354 2407 Tanto
378 2379 515 2411 namque
541 2369 708 2410 dedecore,
950 2368 1078 2402 Intrare
1102 2370 1206 2405 aulam
1231 2370 1387 2411 principis

248 2420 397 2454 Periculo
422 2418 560 2461 inopiae.
949 2418 1017 2451 Nos
1041 2417 1203 2451 valeamus
1228 2418 1367 2452 Domini.
