1651 2621
650 97 884 134 ..76--

475 208 536 241 120.
566 210 610 241 De
629 218 668 242 ss.
690 209 884 249 Glirysantho
907 210 940 242 et
957 209 1063 242 Baria.

656 295 705 324 Ad
724 295 880 334 Vesperas.

141 399 148 405 .
174 373 303 406 Adsunt
326 372 409 405 festa
433 373 573 405 laetitiae

178 419 368 460 Chrysanthi
394 423 486 461 atque
510 420 638 462 Duriae,

178 466 315 505 Quorum
342 466 443 507 fulget
466 469 648 508 praesentia

174 513 212 546 ln
237 514 359 555 Regina
384 516 526 550 eeclesia,

141 606 148 613 .
178 579 394 620 Chrysanthus
418 589 498 621 puer
518 581 643 624 nobilis,

176 627 265 661 Patri
288 628 420 660 multum
441 629 594 671 amabilis,

175 675 411 707 Alexandrinus
436 684 558 718 genere,

176 721 305 754 Ditatur
329 723 376 753 rei
400 731 537 755 munere.

143 813 149 819 .
176 788 238 820 Hie
261 789 402 820 ardentis
425 788 543 827 ingenii

175 834 287 867 Floret
311 837 343 866 et
366 835 477 866 summi
503 835 601 867 studii

174 881 358 913 Mundanae
381 882 557 921 sapientiae

174 928 219 960 Et
242 928 357 959 nobilis
382 929 579 968 prudentiae.

141 1019 147 1025 .
174 993 288 1026 Mundi
313 993 407 1033 liquit
430 994 594 1035 malitiam,

176 1041 237 1073 Dei
262 1041 386 1079 quaerit
409 1041 574 1073 scientiam

174 1088 305 1122 {Iuvenis
332 1096 407 1120 vere
431 1088 568 1128 sapiens,

176 1135 303 1167 Servire
327 1134 395 1167 Deo
421 1135 561 1175 cupiens.

800 376 830 409 5.
859 374 1005 415 Suscepit
1030 374 1147 408 Christi
1172 373 1309 406 famulus

858 421 973 454 Verbis
999 422 1114 454 divinis
1139 421 1286 452 credulus

856 469 980 509 Fidem,
1005 469 1156 509 baptismi
1178 468 1324 507 gratiam,

855 516 986 548 Laetam
1011 515 1088 548 fecit
1113 514 1288 547 ecelesiam.

822 607 829 614 .
856 582 959 615 Datur
984 583 1086 614 eidem
1112 580 1221 619 Daria,

859 630 903 662 Ut
925 631 1070 669 privetur
1093 627 1260 667 munditia,

855 675 919 708 Sed
949 677 1108 716 quondam
1134 675 1243 707 mortis
1267 673 1376 712 bajula

853 722 909 755 Fit
932 722 1060 754 Domini
1087 722 1252 762 discipula.

822 814 829 821 .
857 788 881 821 O
909 787 1107 828 Chrysanthe
1130 790 1162 819 et
1184 787 1294 829 Daria,

856 835 982 867 Felices
1007 836 1091 867 omni
1113 835 1224 876 gloria,

860 882 927 914 Nos
952 892 972 914 a
994 884 1118 922 peceati
1144 881 1286 913 faecibus

857 929 1013 962 Mundate
1037 930 1151 961 vestris
1175 928 1334 969 precibus.

823 1021 829 1028 .
854 994 973 1037 Honor,
1002 996 1113 1035 virtus,
1139 995 1308 1035 imperium

857 1040 906 1073 Sit
931 1043 1068 1074 creatori
1092 1042 1240 1081 omnium,

857 1088 916 1126 Qui
942 1088 1176 1128 Chrysanthum
1202 1092 1234 1121 et
1256 1088 1388 1120 Dariam

856 1134 956 1167 Duxit
981 1136 1024 1168 ad
1048 1136 1130 1167 coeli
1153 1136 1301 1175 patriam.

189 1219 345 1255 Proprium
365 1220 509 1255 Regiense
527 1221 597 1255 imp.
617 1219 704 1255 ‘Regii
725 1217 806 1246 1567.
828 1233 864 1237 —
886 1217 913 1253 2,
933 1217 954 1246 4
971 1220 1040 1247 Lies
1060 1220 1119 1248 Dei
1138 1220 1279 1248 munere?

477 1367 531 1398 121.
563 1367 605 1398 De
626 1375 665 1398 ss.
688 1366 880 1406 chrysantho
903 1371 935 1399 et
954 1368 1060 1400 Daria.

676 1454 722 1482 Ad
742 1453 869 1484 Laudes.

145 1553 152 1560 .
178 1528 255 1561 Dies
280 1530 395 1560 reluxit
420 1530 523 1570 hagia,

179 1576 218 1608 In
243 1585 303 1615 qua
329 1577 413 1608 beati
437 1580 594 1617 martyres

183 1622 399 1662 Chrysanthus
425 1627 520 1664 atque
542 1623 643 1655 Daria

184 1669 310 1701 Coelum
336 1671 456 1703 intrant
480 1670 653 1705 mirabiles.

147 1761 154 1767 .
182 1735 398 1775 Chrysanthus
425 1736 519 1768 docet
542 1736 674 1769 Dariam

181 1782 363 1815 Sermonem
389 1784 612 1826 evangelicum⁷

180 1830 341 1869 Despceta
369 1831 478 1863 mundi
503 1831 604 1871 gloria

181 1877 326 1918 Regnum
351 1878 502 1910 anhelant
525 1879 689 1912 coelicum.

148 1968 156 1977 ,
181 1944 267 1976 Filia
290 1945 448 1984 quondam
472 1944 577 1978 zabuli

181 1992 339 2024 Lucratur
363 1992 430 2024 Deo
456 1993 586 2033 animas,

182 2039 337 2072 Pabulum
363 2040 518 2078 praebens
544 2039 680 2080 Domini,

182 2087 283 2118 Esoas
307 2086 395 2127 plebi
421 2096 514 2126 quam
537 2087 703 2127 plurimas,

150 2180 156 2188 .
183 2154 283 2187 Daria
306 2155 417 2185 sancta
442 2154 565 2194 eapitur

182 2201 309 2233 Docens
334 2209 426 2233 sacra
451 2202 585 2244 eloquia,

183 2248 237 2280 Ad
260 2251 384 2289 turpem
409 2249 513 2280 locum
539 2249 674 2291 ducitur,

183 2296 230 2329 Ut
254 2299 403 2336 operetur
428 2296 544 2336 turpia.

202 2372 355 2408 Proprium
374 2371 519 2408 Regiense
538 2373 608 2408 imp.
628 2372 714 2409 Regii
736 2371 819 2400 1567.

802 1533 832 1565 5.
859 1532 995 1565 Paratur
1023 1534 1065 1565 ad
1089 1534 1264 1565 custodiam

858 1578 938 1617 Ejus
963 1580 1012 1612 leo
1038 1580 1201 1624 terribilis,

860 1625 987 1659 Nullam
1014 1627 1111 1659 sentit
1134 1628 1311 1660 molestiam

860 1673 956 1713 Virgo
982 1674 1043 1706 Dei
1064 1675 1221 1709 amabilis,

828 1767 833 1772 .
859 1739 954 1772 Plebs
982 1740 1092 1772 videns
1117 1741 1286 1785 mirabilia,

862 1787 947 1826 Quae
968 1786 1086 1820 fiebant
1110 1798 1169 1828 per
1194 1790 1335 1833 Dariam,

860 1834 1024 1874 Relinquit
1047 1845 1128 1868 vana
1153 1837 1269 1876 gaudia

860 1881 903 1913 Et
929 1881 1046 1915 Christi
1072 1885 1198 1924 quaerit
1221 1886 1367 1925 gratiam.

829 1974 835 1980 .
861 1948 886 1980 O
912 1948 1041 1987 gloriosi
1064 1954 1232 1991 martyres,

863 1994 1040 2034 chrysante
1062 2000 1157 2036 atque
1181 1998 1292 2041 Daria‚

862 2041 928 2073 Nos
954 2044 1170 2076 commendate
1195 2044 1326 2085 fragiles

861 2088 930 2120 Deo
953 2089 987 2121 in
1010 2091 1089 2122 coeli
1113 2093 1230 2130 patria.

830 2180 836 2186 .
863 2154 930 2187 Soli
953 2154 1022 2188 Deo
1048 2157 1091 2188 sit
1113 2158 1224 2199 gloria,

862 2201 983 2243 Honor,
1008 2203 1120 2247 virtus,
1146 2206 1325 2248 imperium,

863 2250 922 2289 Qui
947 2253 1128 2284 sanctorum
1153 2255 1336 2293 praesentia

863 2297 1011 2330 Gaudere
1035 2297 1114 2331 facit
1136 2301 1280 2341 Regium.
