1651 2621
738 149 782 155 ——
834 129 904 165 269
950 147 999 154 -—

473 226 528 259 11.
555 225 719 258 Laudibus
746 226 830 258 cives
856 229 1007 259 resonent
1028 226 1159 266 superni

551 273 607 314 Te,
635 273 722 305 Deus
753 274 889 315 simplex
914 274 1099 315 pariterque
1123 275 1216 314 trine,

553 320 720 361 Supplices
747 324 777 353 et
802 330 859 354 nos
885 323 1008 354 veniam
1033 331 1212 362 precamur,

600 368 703 401 Parce
725 369 912 409 redemptis.

286 461 411 498 Antiph.
432 470 486 490 ms.
508 462 732 491 Nonantulenso
752 467 787 496 (Υ)
806 471 881 492 saec.
904 462 947 492 10.
990 464 1059 492 (jod.
1081 464 1254 493 Casanaten.
1274 464 1299 492 B
1320 464 1360 492 IV
1382 462 1427 491 21.

661 604 732 636 454.
762 604 806 636 De
827 605 937 637 sancto
958 605 1081 637 Thema.

212 674 244 707 1.
271 674 384 714 Magni
410 673 531 706 Christi
557 674 718 714 discipuli,
899 677 929 709 5.
957 677 1020 709 Pro
1050 685 1111 715 quo
1134 676 1276 707 reclusus
1302 682 1430 706 carcere

269 720 377 753 Sancti
404 721 546 754 Thomae
571 722 718 762 apostoli,
957 725 1034 764 Igne
1063 723 1201 755 minatur
1226 722 1379 762 comburi,

272 768 331 808 Qui
355 778 469 808 passus
496 773 544 801 est
567 770 600 801 in
626 769 729 808 India,
959 771 1023 803 Sed
1049 773 1177 810 ereptus
1202 779 1222 802 a
1245 770 1381 802 Domino

270 816 365 848 Diem
391 819 553 848 sacratum
577 818 718 851 colimus,
959 818 1060 850 Sanus
1085 818 1234 850 redditur
1259 818 1388 858 populo,

212 875 244 908 2.
273 874 350 907 Cum
378 873 502 906 venerit
526 874 653 915 navigio
900 877 930 909 6.
956 874 1035 908 Mox
1061 878 1234 908 convocata
1259 874 1382 915 synodo

271 922 309 953 In
336 921 456 961 oppido
482 921 699 961 Mandropoli,
959 923 1100 956 Turbam
1125 926 1217 955 sanat
1241 922 1457 962 languentium

271 968 428 1008 Sponsam
455 978 525 1001 cum
549 978 666 1009 sponso
692 969 794 1001 abluit
957 971 1001 1003 Et
1024 980 1083 1010 per
1108 971 1227 1003 undam
1249 970 1451 1009 baptismatis

270 1016 369 1049 Unda
393 1016 479 1048 sacri
504 1016 715 1055 baptismatis,
956 1017 1093 1050 Multum
1121 1020 1285 1049 consecrat
1309 1017 1471 1057 populum.

211 1074 242 1106 3.
270 1072 348 1104 Post
368 1073 429 1104 hoc
446 1076 558 1114 petens
578 1073 839 1114 Gundaphorum‚
901 1075 930 1107 7.
957 1074 1082 1106 Dehinc
1105 1074 1267 1113 ingressus
1293 1073 1388 1106 aliam

269 1120 425 1160 Magnum
449 1121 590 1161 suscepit
615 1121 764 1163 pretium,
956 1122 1110 1154 Indorum
1138 1124 1186 1152 est
1208 1120 1406 1161 provinciam

270 1167 316 1200 Ut
341 1166 479 1199 fabricet
503 1168 658 1208 palatium
956 1169 999 1201 Et
1027 1167 1255 1209 confringendo
1278 1168 1399 1200 idolum

269 1215 408 1256 Dignum
433 1215 521 1255 regio
546 1218 722 1248 stemmate.
956 1215 1118 1257 Effugavit
1144 1216 1314 1249 diabolum.

212 1273 245 1306 4.
274 1273 364 1312 Quod
389 1281 449 1313 per
471 1274 572 1304 totum
597 1273 768 1305 triennium
899 1276 930 1308 8.
959 1273 1056 1312 Quem
1081 1273 1239 1305 idolorum
1264 1273 1435 1312 presbyter

270 1320 424 1353 Manibus
452 1320 542 1352 dedit
566 1329 743 1361 pauperum
956 1320 1240 1352 Transvulneravit
1263 1320 1399 1360 fortiter,

269 1367 315 1399 Et
339 1366 502 1400 fabricans
526 1368 677 1400 ecclesias
956 1368 1001 1400 Et
1024 1367 1113 1400 finito
1141 1369 1313 1400 certamine

270 1415 442 1447 Ordinavit
465 1416 682 1455 presbyteros.
956 1415 1026 1447 Deo
1051 1416 1197 1448 reddidit
1220 1415 1378 1455 spiritum.

659 1474 690 1506 9.
719 1472 828 1505 Gloria
855 1472 925 1513 tibi,
956 1472 1102 1506 Domine.

286 1567 371 1594 Drev.
396 1565 628 1595 Ambrosianum
653 1567 723 1602 imp.
751 1565 914 1594 Mediolani
942 1564 1024 1594 1490.
1050 1580 1088 1585 ——
1112 1565 1143 1600 ὃ,
1164 1564 1184 1593 4
1207 1567 1277 1594 Lies
1299 1566 1468 1594 schemate&⁴
1495 1585 1501 1588 -

207 1603 234 1638 5,
259 1602 272 1631 1
297 1607 417 1632 carceri.
437 1621 476 1625 —
497 1604 523 1639 7,
545 1602 562 1632 2
584 1607 632 1633 est
650 1604 732 1632 fehlt.

656 1746 724 1778 455.
755 1745 925 1785 Dte-sancto
947 1745 1069 1777 Thoma.

709 1814 757 1844 Ad
777 1814 866 1852 Vosp.
888 1817 918 1843 et
937 1813 1031 1843 Laud.

452 1884 482 1917 1.
510 1884 610 1916 Sacra
634 1884 789 1915 solemnia
812 1892 988 1923 pangamus
1013 1883 1117 1924 hodie,

506 1931 622 1963 Preces
645 1931 836 1970 humilimas,
863 1940 882 1963 o
906 1931 1029 1963 Thema
1051 1930 1191 1970 Didime‚

510 1980 699 2021 Fundimus,
724 1978 852 2011 inclitas
877 1978 988 2011 laudes
1014 1981 1048 2009 tu
1074 1978 1209 2017 suscipe,

558 2028 665 2060 Verbo
690 2029 804 2068 potens
831 2030 863 2058 et
887 2034 993 2066 opere.

450 2088 483 2119 2.
511 2084 680 2118 Coelorum
705 2083 841 2126 agmina,
868 2083 1016 2123 plaudite
1037 2083 1157 2124 jubilis,

510 2134 633 2166 Cuncta
657 2132 826 2164 terrestria
850 2132 1000 2170 undaque
1023 2130 1141 2171 labilis,

511 2182 591 2214 Orat
615 2180 750 2213 ecclesia
774 2182 885 2211 sancta
911 2178 1124 2219 praestabilis,

557 2229 598 2263 In
622 2232 656 2260 te
679 2229 819 2261 laetatur
843 2227 961 2259 intime.

448 2289 479 2322 3.
511 2288 535 2320 O
561 2286 657 2321 decus
685 2286 848 2323 coelicum,
872 2284 969 2324 ,jubar
994 2283 1150 2322 mirabile,

508 2336 578 2368 Tua
603 2334 673 2375 quis
698 2332 820 2366 sufficit
843 2333 959 2365 merita
985 2332 1090 2364 colere
1101 2329 1117 2361 ’.ἒ

504 2383 606 2417 Latus
633 2381 781 2416 deificum
802 2381 863 2413 tibi
887 2380 1051 2421 palpabile

552 2431 618 2465 Dat
645 2430 799 2473 Christus,
827 2431 935 2462 rector
961 2428 1108 2461 omnium.
