1651 2621
703 98 963 135 —265—

414 197 448 228 4.
473 195 595 236 Corpus
620 196 779 228 incendiis
805 196 899 228 datur
923 195 1087 229 Theodori

474 243 606 276 Additis
631 244 757 285 ungulis
783 244 923 284 undique
948 245 1086 285 corpori,

475 292 580 324 Cessit
604 300 664 324 nec
689 292 816 324 conscia
839 300 927 324 mens
955 291 1080 326 Christo
1109 291 1228 332 dedita,

521 338 656 372 Sanctus
683 349 776 381 quam
802 341 886 372 rexit
910 339 1050 379 spiritus.

421 398 451 429 5.
478 397 565 436 Quae
589 397 698 437 lingua
721 398 873 438 martyris
897 398 1000 437 possit
1025 397 1205 438 exprimere

475 444 649 485 Roburque
676 446 827 485 corporis,
851 444 947 478 fidem
974 447 1128 485 retexere,

474 491 553 531 Fac,
580 492 716 535 Christe,
741 493 892 532 martyris
915 501 1013 533 prece
1034 502 1093 525 nos
1118 493 1247 525 vincere

522 539 634 572 Nostri
658 540 744 573 bella
770 540 961 573 certaminis.

421 598 451 629 6.
478 597 608 629 Patrem
634 605 702 629 cum
729 598 834 638 genito
859 597 1024 630 laudemus
1051 598 1169 640 cernui,

478 643 578 676 Simul
602 645 759 684 paraclito
786 654 934 677 canamus
960 644 1080 686 famuli,

477 691 578 724 Prece
602 691 765 724 Theodori
791 692 956 732 dignemur
979 691 1103 733 perfrui

523 739 673 772 Aeternis
699 739 778 772 coeli
803 740 938 781 gaudiis,

255 796 339 822 Brev.
362 803 415 823 ms.
438 794 527 831 Cong.
549 794 578 822 S.
599 795 736 823 Justinav
757 796 828 823 anni
850 794 932 824 1470.
966 795 1036 824 Ood.
1058 795 1193 823 Casinen.
1214 792 1279 823 803.
1300 810 1337 815 —
1359 792 1384 829 1,
1400 792 1416 822 1
1438 795 1488 822 der

177 832 253 860 Sinn
280 833 391 860 fordert
418 834 570 866 concinat,
602 833 653 861 der
673 834 759 861 Reim
779 835 921 861 concinet.
941 849 980 854 —
1002 832 1032 868 1,
1055 831 1072 861 3
1093 834 1227 861 dulcibus
1247 836 1338 861 rexat.
1359 848 1397 853 —
1415 831 1448 866 4,
1470 829 1487 860 3

179 871 276 899 Cessit
295 870 342 898 his
365 873 491 899 conscia.

554 936 622 969 448.
658 936 699 967 Dc
722 944 745 966 s.
767 936 924 968 Theodoro
945 934 1107 976 Episcopo.

677 993 725 1023 Ad
746 993 834 1031 Vesp.
856 997 885 1023 et
903 993 989 1024 Noct.

179 1054 209 1087 1.
237 1053 317 1096 Ave,
343 1053 473 1093 praesul
497 1054 562 1092 pie,
865 1056 895 1087 4.
923 1053 1070 1085 Monstra
1094 1052 1185 1084 nobis
1211 1060 1327 1093 regem,

237 1101 303 1133 Nos
329 1103 423 1133 nocte
448 1108 486 1132 ac
512 1100 564 1133 die
925 1100 1020 1140 Cujus
1046 1108 1153 1132 veram
1176 1100 1276 1140 legem

236 1148 329 1181 Muni
357 1148 396 1180 de
417 1148 574 1191 supernis,
922 1147 1069 1180 Docuisti
1094 1150 1191 1187 reete,

234 1195 301 1228 Ubi
326 1196 429 1227 Deum
456 1195 570 1230 cernis,
925 1193 1093 1228 Confessor
1119 1195 1230 1227 electe.

177 1254 210 1286 2.
238 1252 372 1285 Sumens
404 1253 488 1285 dona
510 1252 573 1284 Dei
866 1255 896 1286 5.
922 1252 1032 1292 Virgo,
1058 1252 1201 1284 membra,
1224 1255 1280 1284 tua

238 1301 282 1334 Es
310 1300 495 1339 conjunctus
522 1300 563 1340 ei,
924 1300 1037 1332 Servat
1062 1300 1136 1332 aula
1159 1309 1228 1339 sua,

235 1348 303 1380 Nos
328 1349 484 1380 instantes
509 1348 598 1379 laudi
924 1348 948 1381 Ο
975 1348 1111 1387 Verona,
1138 1348 1241 1388 gaude

237 1395 325 1428 Tuae
349 1403 433 1427 nunc
459 1395 586 1429 exaudi.
923 1395 1028 1435 Digna
1052 1395 1109 1426 tali
1134 1395 1239 1428 laude.

179 1456 210 1488 3,
238 1452 335 1485 Solve
360 1461 379 1485 a
404 1453 544 1493 peccatis
866 1452 896 1485 6.
924 1451 1031 1485 Vitam
1055 1454 1185 1492 praesta
1209 1461 1331 1492 puram,

234 1500 280 1533 Et
301 1500 400 1543 junge
424 1500 540 1540 beatis,
922 1499 1061 1532 Mortem
1086 1498 1177 1531 aufer
1204 1501 1325 1538 duram,

236 1548 364 1582 Christo
387 1556 445 1580 nos
471 1548 606 1587 adsigna
922 1546 1093 1579 Theodore
1113 1547 1210 1587 mitis,

237 1595 307 1628 Tua
329 1603 426 1635 prece
451 1595 557 1635 digna.
927 1594 1012 1626 Pelle
1038 1595 1123 1627 mala
1147 1595 1223 1629 litis,

602 1651 634 1683 7.
660 1649 709 1683 Sit
733 1650 802 1682 laus
825 1651 921 1695 patri,
946 1653 1033 1691 nato,

657 1698 797 1731 Flamini
821 1699 924 1738 beato,

658 1746 822 1780 Theodori
844 1756 942 1787 prece

661 1793 829 1827 Solvaniur
854 1804 874 1827 a
897 1803 986 1828 nece.

253 1852 345 1881 Psalt.
366 1860 420 1880 ms.
439 1851 611 1879 Veronense
633 1858 708 1878 saec.
731 1848 767 1877 12
788 1859 832 1878 ex.
874 1851 944 1878 Cod.
967 1850 1062 1887 Capit.
1081 1850 1228 1879 Veronen.
1249 1851 1345 1879 CVIII
1364 1849 1449 1886 (101).

562 1924 632 1956 449.
663 1924 707 1956 De
729 1932 752 1955 s.
775 1923 933 1956 Theodoro
953 1924 1115 1965 Episcopo.

739 1982 789 2012 Ad
807 1982 935 2013 Laudes.

445 2045 476 2078 1.
506 2043 630 2076 Gaudio
657 2051 777 2075 summo
804 2043 944 2074 exsultat
966 2042 999 2073 in
1027 2042 1123 2074 caelis

501 2093 614 2124 Almus
641 2089 815 2131 confessor,
843 2089 988 2130 pontifex
1013 2087 1129 2131 fidelis,

503 2135 634 2183 [Hodie]
664 2139 714 2171 cui
740 2139 942 2171 concinamus
967 2137 1058 2170 melis

551 2187 657 2220 Corde
679 2189 711 2218 et
736 2195 802 2219 ore.

443 2249 475 2281 2.
502 2246 677 2280 Praedicat
699 2245 763 2276 iste
784 2243 898 2276 urbem
923 2243 1149 2285 Veronensem,

502 2295 634 2327 Exserit
659 2292 750 2326 verbi
776 2292 921 2325 veritatis
948 2300 1065 2332 ensem,

502 2343 661 2384 Populum
689 2340 815 2374 Christo
841 2339 888 2371 sic
912 2339 1062 2372 convehit
1088 2339 1217 2371 densem

549 2391 695 2425 Fervens
721 2396 838 2423 amore.
