1653 2622
708 136 756 140 —-
804 115 871 150 251
926 136 970 142 —

185 214 218 245 3.
244 212 301 245 Pie
325 212 464 246 colamus
481 221 586 244 annua
877 214 908 246 6.
937 212 1034 254 Virgo
1061 213 1181 246 Christi
1205 213 1415 252 sanctissima,

241 259 344 299 Hujus
371 260 435 291 diei
460 260 588 304 gaudia,
936 260 1070 293 Hostem
1097 262 1223 302 depelle
1247 261 1381 302 longius,

240 307 342 347 Quam
365 307 500 348 virginis
527 308 748 341 scholasticae
937 308 1056 341 Cordes
1081 312 1170 342 strue
1194 310 1397 347 mauseolum,

241 354 410 387 Transitus
437 358 531 388 ornat
554 355 661 388 hodie.
934 356 1103 397 Hospitem
1127 357 1226 389 induc
1249 356 1429 389 Dominum.

183 442 215 474 4.
241 440 334 473 Haec
357 441 391 473 in
417 442 582 474 columbae
607 443 715 482 specie
876 444 906 475 7.
931 442 1068 482 Adauge
1093 445 1199 475 coetus
1224 443 1393 484 virginum,

242 487 331 520 Coeli
356 490 483 521 scandit
507 490 663 529 palatium
931 490 1047 522 Funde
1070 498 1182 530 preces
1206 498 1266 530 pro
1293 489 1447 530 omnibus,

242 536 281 569 In
307 537 431 577 signum
458 537 671 578 innocentiae,
932 537 997 569 Per
1021 540 1054 569 te
1078 540 1250 578 sequantur
1274 536 1384 576 filium,

245 583 314 623 Qua
338 584 532 624 sequebatur
556 585 739 617 Dominum.
933 585 1062 617 Patrem
1088 588 1120 616 et
1143 588 1286 617 sanctum
1315 585 1473 625 spiritum.

186 672 218 703 5.
244 669 291 702 Te
316 673 422 702 mente
445 679 531 702 nunc
555 670 742 709 humillima,
875 671 905 703 8.
933 669 982 701 Sit
1005 671 1074 702 laus
1099 671 1185 710 patri
1207 670 1358 712 ingenito,

243 717 342 758 Virgo
368 721 481 750 sancta
502 717 710 757 Scholastica,
935 716 984 749 Sit
1010 718 1105 749 decus
1129 718 1301 758 unigenitO,

245 765 428 809 Precamur,
451 766 528 797 audi
552 765 730 804 supplicum
935 763 984 796 Sit
1007 765 1171 805 utriusque
1194 764 1291 805 parili

248 812 351 845 Voces
376 813 408 844 in
435 815 468 845 te
492 813 701 846 laudantium.
934 811 1046 844 Honor
1071 815 1102 844 et
1128 812 1227 845 virtus
1251 810 1381 846 flamini.

262 906 349 934 Brev.
370 915 424 933 ms.
447 906 477 934 S.
492 906 600 934 Gratae
613 906 785 942 Pei-gamen.
806 914 882 934 saec.
903 904 977 933 ¹⁵)1c.
1004 906 1073 934 Cod.
1088 906 1270 934 Ambrosian.
1285 907 1310 934 Τ
1328 905 1366 935 43
1387 915 1449 942 sup.
1464 921 1501 926 —-

186 942 210 978 1,
232 943 251 972 2
272 944 371 972 fehlen
391 946 464 972 zwei
485 944 603 978 Silben3
626 946 713 980 atque
735 945 862 980 ergfinzt.
883 959 921 964 —-
934 940 960 977 3,
981 943 1001 971 4
1019 947 1137 979 pangat.
1151 958 1188 962 —
1202 942 1228 979 5,
1250 941 1269 972 4
1288 944 1343 972 lies
1363 945 1418 972 rite
1438 945 1499 973 lau-

183 982 338 1011 dantium?
358 997 396 1002 --
419 980 445 1016 6,
467 980 485 1011 3
505 982 698 1011 mausoleum.
719 997 756 1002 —
776 982 803 1017 7,
827 980 841 1009 1
862 982 947 1018 Auge
965 985 1059 1018 getus.
1080 998 1118 1002 —

597 1120 670 1152 424.
699 1120 743 1152 De
762 1120 869 1152 sancto
889 1120 1082 1152 Sebastiano.

732 1187 780 1217 Ad
799 1187 958 1225 Vesperas.

475 1257 504 1290 1.
531 1257 593 1300 En,
623 1258 690 1289 dies
715 1258 804 1289 venit
829 1257 1022 1290 celebranda
1047 1258 1178 1299 cunetis,

533 1304 689 1337 Gentibus
715 1303 798 1336 festa
823 1306 855 1335 et
881 1304 1014 1336 <lucibus
1038 1305 1190 1344 verenda,

533 1352 601 1391 Qua
624 1352 687 1384 Dei
711 1352 813 1384 virum
838 1355 980 1384 sanctum
1007 1351 1227 1385 Sebastianum

579 1399 727 1433 Canimus
753 1400 835 1431 odis.

476 1486 507 1518 2.
534 1485 599 1518 Hic
621 1485 699 1517 satis
723 1486 867 1524 prudens
893 1484 1086 1525 scelerisque
1110 1493 1208 1523 purus

531 1532 628 1564 Venit
653 1533 694 1564 ad
721 1540 828 1572 regem
854 1532 1025 1563 comitante
1049 1532 1144 1564 turba

529 1580 637 1620 Atque
660 1589 724 1612 non
749 1588 863 1619 parum
888 1579 1060 1611 Dominum
1086 1583 1215 1620 rogarat

577 1629 663 1660 Ante
686 1626 843 1659 tribunal.

473 1715 504 1747 3.
532 1713 666 1745 Vinctus
693 1711 853 1752 extemplo
879 1711 984 1744 medio
1009 1712 1043 1744 in
1069 1712 1185 1744 virenti

528 1761 657 1801 Figitur
681 1769 802 1800 campo,
826 1759 942 1799 jaculis
969 1759 1070 1791 acutis

530 1808 646 1848 Septus
669 1808 864 1840 horrendum
890 1806 995 1839 fuerat
1019 1807 1143 1847 sagittis

577 1855 687 1895 Qualis
711 1855 834 1887 erinax.

471 1942 502 1974 4.
531 1940 650 1972 Tendit
675 1941 717 1973 ad
742 1940 873 1983 coelum,
901 1939 1039 1979 patriam
1064 1949 1246 1984 supernam,

532 1988 672 2029 Spiritus
697 1996 790 2020 sacra
816 1988 987 2019 comitante
1011 1987 1114 2031 turba,

531 2036 655 2077 Corpus
680 2036 845 2068 immunda
869 2035 1008 2075 positum
1034 2035 1143 2067 cloaca
1169 2039 1218 2067 est

573 2084 656 2117 Inde
684 2086 859 2123 repertum.

469 2172 500 2205 5.
530 2170 674 2203 Gloriam
699 2178 821 2202 summo
848 2168 984 2201 Domino
1011 2177 1158 2201 canamus

531 2218 701 2260 Supplices
728 2217 854 2250 Christo
880 2216 1026 2249 manibus
1049 2217 1180 2259 supinis,

531 2266 667 2307 Spiritui
692 2268 804 2298 sancto
831 2266 955 2297 veniam
978 2267 1147 2304 precantes

577 2315 678 2348 Omne
702 2323 762 2355 per
787 2322 910 2346 aevum.

253 2411 337 2439 Brev.
360 2409 664 2439 Gallicano-Siculum
687 2410 757 2445 imp.
778 2409 912 2437 Venetiis
935 2405 1015 2435 1527.
