1651 2621
716 110 975 145 —120—

197 214 227 246 3.
253 212 335 244 Fide
360 221 467 252 purus,
497 219 554 251 spe
576 209 701 248 patiens
871 208 904 238 4.
932 203 994 235 l’ro
1020 209 1138 233 corona
1157 198 1303 251 justi-tiae

254 259 297 291 Et
322 259 455 292 caritate
478 256 630 296 sarx-idm,
931 252 950 284 J
954 260 1003 282 am
1030 248 1197 281 coron-atus
1223 245 1342 299 glensa·

256 306 347 339 Omni
369 306 490 346 petenti
514 304 662 346 largiens,
931 297 1070 330 Nostrae
1093 303 1213 327 memor
1236 299 1385 347 mlseiaae

254 355 339 395 Pius,
362 354 507 393 pudieus,
530 351 694 393 providus.
932 346 1022 379 Coeli
1044 344 1197 384 procuret
1219 349 1373 382 praemia.

532 440 563 471 5.
588 437 615 469 T
618 437 686 468 rino
710 435 778 467 Deo
804 436 836 465 ct
860 432 997 473 simplici

591 483 684 523 Laus,
712 483 822 517 honor,
849 481 961 513 virtus,
987 477 1099 519 gloria,

590 531 648 570 Qui
672 539 730 563 nos
753 529 854 569 patris
879 526 1005 559 mirifici

592 577 747 610 Gnidonis
774 577 869 608 donet
891 574 1035 615 gratiam.

273 663 399 698 Legend.
420 673 472 690 m„
493 663 521 688 S.
544 663 657 690 Mariae
677 661 788 696 Aquen.
810 668 885 688 saec.
907 656 951 687 14.
989 656 1058 686 Cod.
1080 655 1174 691 Capit.
1196 654 1317 698 Aquen3
1330 662 1352 680 s.
1375 661 1403 680 n.
1440 653 1500 679 Aus

199 702 292 729 dieser
313 699 414 735 Quone
440 699 592 736 gesclm'pft
616 700 647 726 in
667 699 695 727 J.
717 700 749 724 B.
771 698 949 725 Mmiondos.
974 694 1166 723 monumenta
1190 693 1341 728 Aquensia
1366 691 1440 718 Pars
1460 689 1501 722 Η,

197 740 319 766 Taurini
344 736 424 771 1790,
445 748 473 774 p.
496 736 549 765 104
567 737 627 768 (cfr.
648 746 675 773 p.
699 734 754 770 19).

604 883 665 915 198.
695 884 739 914 De
758 892 781 915 s.
803 882 938 914 (luidone
957 882 1100 922 Aquensi.

716 970 765 999 Ad
784 969 976 999 Nocturnum.

417 1050 447 1082 1.
477 1048 593 1081 Inclita
617 1048 733 1088 gaudia
756 1056 938 1090 pangirium,
965 1048 1053 1089 socii,

474 1095 632 1135 Gestaque
657 1094 754 1127 fortia
775 1096 875 1127 nostri
900 1094 1071 1136 pontificis,

471 1142 552 1174 Nam
578 1143 684 1182 gliscit
707 1143 829 1174 animus
852 1152 910 1184 pro
936 1151 1024 1174 more
1049 1150 1164 1174 canere

522 1190 617 1222 Tanti
644 1190 746 1230 patris
770 1190 938 1229 magnalia.

417 1277 448 1308 2.
475 1274 567 1306 Nova
591 1274 646 1305 lux
670 1274 780 1314 oritur,
803 1283 886 1306 nova
909 1274 1043 1312 laetitia,

470 1321 554 1354 Dum
578 1321 666 1353 sidus
691 1322 843 1362 panditur
866 1322 969 1353 latens
995 1321 1053 1354 sub
1078 1321 1204 1361 nebula,

473 1368 522 1400 De
548 1371 638 1401 coetu
661 1367 775 1401 florido
803 1368 902 1400 dulcis
927 1367 985 1400 fios
1010 1369 1145 1408 redolet,

520 1416 647 1449 Coelum
672 1416 797 1456 plaudit
822 1424 890 1448 cum
917 1417 1041 1455 gaudio.

417 1504 447 1535 3.
474 1501 613 1533 Plaudat
636 1501 830 1542 Aquensium
856 1501 971 1533 nobilis
997 1501 1118 1540 civitas,

472 1548 571 1579 Simul
599 1548 750 1579 dioecesis
773 1549 860 1580 laeta
884 1549 1090 1588 congaudeat,

474 1595 649 1634 Omnesque
674 1595 781 1626 clerici
806 1595 934 1626 vocibus
956 1595 1093 1634 Jubilent

519 1642 629 1674 Novae
653 1642 758 1673 laudis
781 1642 961 1682 praeconio.

417 1730 448 1762 4,
473 1727 537 1759 Hic
561 1730 607 1759 est
633 1726 703 1759 fons
727 1729 869 1760 modicus
896 1736 1040 1760 crescens
1063 1728 1097 1759 in
1121 1726 1259 1767 flumina,

473 1774 569 1807 Sidus
593 1775 762 1814 irradians,
788 1776 985 1815 perlustrans
1009 1775 1124 1815 omnia,

473 1822 550 1855 Flos
575 1822 811 1854 amoenissimus
837 1823 975 1855 candore
1000 1823 1136 1855 rutilans

521 1869 658 1902 Offertur
678 1869 745 1909 regi
769 1870 898 1910 gloriae.

419 1947 449 1979 5,
477 1944 609 1976 Stellato
634 1945 712 1977 solio
735 1945 827 1977 sedet
848 1945 882 1976 in
908 1945 1049 1985 dextera,

474 1991 571 2030 Quem
596 1992 695 2023 vallat
719 1991 867 2024 laudibus
894 1992 1039 2025 coelestis
1064 1994 1160 2034 curia,

473 2038 620 2071 Fulcitur
644 2039 782 2071 omnium
806 2039 957 2072 virtutum
982 2041 1084 2081 gloria

520 2087 584 2119 Pro
609 2086 788 2118 sanctitatis
814 2087 958 2119 culmine.

421 2164 451 2195 6.
478 2162 534 2203 Te,
558 2171 679 2195 summa
705 2162 816 2202 deitas,
842 2171 967 2203 unaque
989 2163 1159 2203 poscimus,

475 2209 521 2242 Ut
546 2211 656 2249 culpas
681 2209 802 2250 abluas,
829 2211 924 2242 noxia
948 2210 1129 2250 subtrahas,

477 2257 633 2290 Gnidonis
657 2258 779 2290 meritis
802 2267 914 2298 pacem
942 2258 997 2289 des
1023 2258 1166 2290 omnibus

523 2305 653 2338 Festum
678 2306 738 2337 hoc
763 2305 1008 2337 celebrantibus.

240 2392 368 2428 Legend.
389 2399 441 2418 ms.
463 2391 492 2419 S.
511 2391 624 2419 Mariae
642 2391 754 2428 Aquen.
776 2398 851 2419 saec.
874 2388 918 2418 14.
937 2390 1138 2426 (Monumenta
1156 2392 1307 2429 Aquensia
1325 2395 1370 2430 Π,
1394 2393 1471 2432 105.)
