1651 2621
670 139 718 145 -—-—
767 120 836 155 165

500 214 566 245 279.
591 214 636 245 De
656 222 696 247 ss.
712 213 865 247 Liberata
887 215 917 247 et
936 214 1094 247 Faustina.

166 298 174 306 .
202 273 391 306 Sanctorum
418 275 503 307 diem
527 275 684 316 virginum

201 320 373 355 Liberatae
398 326 430 355 et
454 322 627 356 Faustinae

202 368 255 402 Ex
280 370 345 402 alto
373 371 454 403 coeli
478 371 619 411 cardine,

204 416 342 458 Christe,
373 418 512 451 colentes
537 420 674 460 suscipe.

170 500 177 507 .
202 473 276 506 Hae
299 484 425 509 sorores
449 477 613 509 unanimes

205 521 317 555 Nobili
341 527 430 556 ortae
455 533 571 564 genere

204 569 269 602 Sub
295 574 431 610 paterno
457 572 611 613 regimine

205 617 288 650 Fide
312 618 443 652 fuerunt
466 619 666 660 splendidae.

173 702 179 708 .
205 674 279 707 Una
301 684 372 708 cum
396 679 504 708 essent
526 677 560 709 in
583 677 687 716 domo,

204 722 257 755 Ex
284 723 410 756 diverso
434 725 601 764 praesagio

204 771 338 804 Portato
361 771 432 804 viro
455 775 591 813 mortuo,

204 817 267 851 Dei
290 820 474 859 punguntur
494 820 611 859 jaculo.

170 901 177 908 .
204 874 276 908 Jam
303 876 448 908 videntes
475 876 639 916 exsequias

203 922 249 955 Et
272 923 415 956 mulieris
441 924 589 956 lacrimas

203 970 321 1003 Mundi
345 974 495 1004 recusant
518 972 659 1012 nuptias,

202 1018 270 1051 Ubi
294 1028 378 1051 vana
401 1023 477 1051 sunt
501 1019 629 1060 gaudia.

171 1101 178 1109 ,
204 1075 311 1108 Noctu
336 1078 501 1115 surgentes
527 1077 666 1116 virgines

207 1121 321 1155 Cumas
346 1126 502 1155 venerunt
526 1124 642 1167 citime,

207 1169 324 1210 Spreto
349 1172 477 1204 terreno
504 1171 637 1213 conjuge

206 1218 334 1251 Christo
361 1219 521 1251 ducuntur
544 1220 701 1260 principe,

173 1303 180 1310 ,
206 1274 280 1307 Huc
306 1274 466 1308 Genesina
492 1277 581 1309 curia

207 1323 327 1355 Sancta
349 1325 530 1356 transmisit
553 1333 700 1367 corpora,

206 1370 312 1411 Supra
334 1373 499 1411 portarum
523 1372 649 1404 moenia

205 1417 441 1451 Fundaverunt
465 1420 642 1453 eeclesiam.

838 277 869 310 7.
897 276 961 309 Sed
985 277 1024 309 ob
1050 275 1137 316 vulgi
1162 274 1373 316 frequentiam

900 324 1106 357 Intraverunt
1131 323 1293 363 coenobia,

896 371 1055 404 Locantes
1078 372 1329 404 mansiunculam

902 419 1001 452 Juxta
1022 418 1151 453 fluvium
1175 418 1309 452 Gosiam.

843 476 875 508 8.
899 476 994 508 Hanc
1018 476 1216 508 armillarum
1239 484 1372 508 munere

899 523 1046 563 Egerunt
1069 533 1183 564 aquam
1210 531 1338 556 currere

898 571 953 603 Ad
977 572 1202 604 monasterium
1226 571 1305 603 utile

899 618 999 651 Dotes
1025 621 1174 660 rogantes
1196 619 1326 660 jugiter.

842 676 873 709 9.
900 675 1012 708 Donec
1034 677 1183 709 vixerunt
1202 677 1340 716 saeculo,

900 724 1023 756 Auctae
1046 723 1177 757 fuerunt
1199 724 1347 765 Domino,

900 771 1008 804 Verbo
1031 781 1110 804 usae
1133 772 1276 813 angelico

901 819 1011 859 Regno
1035 821 1175 860 gaudent
1199 820 1357 853 aethereo.

831 876 885 910 10.
902 876 926 909 Ο
952 877 1125 918 margarita
1147 877 1269 917 inclita,

900 923 1053 956 Liberata
1078 927 1110 956 et
1133 924 1298 963 Faustina,

900 972 1016 1004 Vestra
1040 980 1162 1004 summa
1186 971 1352 1013 virginitas

902 1018 1022 1051 Nostra
1045 1021 1151 1060 tergat
1175 1018 1331 1052 facinora.

831 1075 887 1110 11.
902 1075 1019 1108 Vestra
1040 1076 1137 1109 beata
1162 1084 1295 1116 corpora

901 1122 1065 1156 Faciendo
1090 1123 1244 1156 miracula

904 1171 984 1204 Sunt
1008 1174 1103 1211 atque
1124 1172 1234 1211 jacent
1257 1171 1354 1204 hodie

903 1219 941 1252 In
968 1219 1109 1252 Cumana
1135 1220 1279 1252 ecclesia.

834 1276 889 1309 12.
905 1275 1002 1316 Laus,
1030 1276 1142 1316 virtus,
1167 1276 1235 1308 Deo
1261 1277 1373 1320 gloria,

904 1323 964 1362 Qui
989 1324 1069 1355 haec
1092 1325 1231 1356 sacravit
1256 1332 1402 1364 corpora,

904 1372 955 1404 Sit
976 1371 1146 1404 benedicta
1168 1372 1295 1404 trinitas

903 1418 968 1451 Per
992 1422 1106 1452 cuncta
1128 1419 1183 1460 pie
1208 1420 1344 1453 saecula.

223 1484 309 1512 Brev.
331 1493 384 1512 ms.
405 1485 629 1513 Novocomense
649 1486 719 1513 anni
741 1483 823 1513 1420.
860 1484 929 1513 Ood.
951 1484 1039 1513 Univ.
1060 1486 1173 1513 Bonon.
1193 1485 1315 1513 Mezzof.
1336 1484 1353 1514 ἵ
1363 1485 1401 1514 ’·9.
1423 1501 1457 1505 -—

146 1520 174 1557 4,
198 1520 216 1550 3
236 1525 402 1552 recusantis
422 1525 550 1560 nuptias.
570 1539 609 1545 μ-
629 1522 655 1558 5,
677 1522 694 1550 2
714 1524 770 1552 lies
786 1522 892 1551 Cumas
914 1526 985 1551 eunt
1004 1524 1166 1551 citissime?

500 1607 568 1639 280.
598 1607 642 1638 De
662 1615 702 1638 ss.
725 1606 878 1639 Liberata
899 1607 930 1638 et
949 1605 1110 1638 Faustina.

435 1671 467 1703 1.
493 1668 598 1701 Filiae
621 1669 712 1712 Tyri,
738 1668 807 1701 Deo
834 1668 1003 1701 dedicatae

494 1716 628 1758 sponso,
654 1717 831 1750 Faustinae
855 1719 951 1756 atque
974 1716 1147 1749 Liberat-ae

495 1764 623 1797 Celebri
647 1765 705 1797 sub
729 1765 794 1797 ista
819 1764 1021 1797 solemnitate

544 1813 679 1854 Pangite
701 1813 824 1846 laudes.

436 1872 467 1904 2.
496 1871 602 1904 Hodie
625 1880 762 1912 namque
785 1871 855 1912 regi
879 1870 1064 1911 offeruntur,

494 1918 525 1951 A
551 1928 611 1959 quo
636 1919 779 1960 sponsali
802 1919 885 1952 stola
909 1919 1097 1959 induuntur,

496 1967 651 2001 Thalamo
678 1968 809 2000 coelesti
832 1967 879 2000 sic
903 1968 1110 2008 imponuntur

544 2015 666 2056 Regem
691 2015 869 2056 amplexae.

440 2075 471 2107 3.
499 2072 629 2114 Species
656 2083 788 2114 quarum
813 2083 949 2115 sponsus
976 2074 1168 2115 concupivit,

499 2121 604 2155 Genas
629 2122 763 2163 pudicas
789 2123 943 2163 sanguine
966 2122 1102 2163 minivit‚

499 2170 635 2211 Corpori
660 2180 716 2203 suo
745 2179 860 2212 corpus
885 2170 1023 2203 inunivit

546 2218 641 2252 Casto
666 2227 783 2252 amore.

440 2278 474 2311 4,
500 2276 624 2311 Christi
647 2278 777 2309 secutae
802 2276 942 2318 gloriosa
967 2275 1056 2309 dicta

500 2324 689 2366 Nobilitate,
713 2325 857 2357 moribus
883 2326 915 2356 et
938 2324 1015 2363 vita,

501 2373 622 2413 Opibus
645 2373 774 2414 spretis,
800 2372 909 2413 patria
932 2372 1047 2405 relicta

550 2421 665 2456 Cumas
690 2420 847 2456 feruntur.
