1651 2621
732 143 989 178 —132—

214 240 245 275 3.
271 237 397 272 Perfusi
421 248 493 272 rore
517 239 638 280 gratiae
908 239 937 271 7.
963 238 1094 270 Aulicos
1119 247 1211 270 ursus
1236 238 1350 281 necuit,

272 286 424 319 Coelestis
448 287 501 318 hie
523 287 678 327 Hilarius,
964 286 1027 318 Sed
1052 294 1180 325 praeses
1204 286 1302 317 instat
1326 284 1450 328 fortius,

271 334 326 366 Cui
354 334 539 366 Valentinus
563 335 721 373 praevius,
968 334 1013 367 Ut
1038 332 1148 365 Hercli
1175 333 1307 365 credant
1330 333 1427 374 ocius,

269 381 417 413 Tendunt
440 382 481 413 ad
506 384 615 421 partes
640 381 783 413 Tusciae.
961 381 1051 412 Tunc
1072 381 1187 412 mirum
1212 381 1362 420 templum
1383 380 1513 413 corruit.

218 440 249 471 4.
275 438 359 470 Dum
382 437 476 470 fidem
503 438 620 470 Christi
636 438 831 481 praedicant,
905 439 937 471 8.
962 437 1058 469 Ensis
1084 437 1190 478 exegit
1210 438 1335 478 jugulos

274 485 402 524 Pagana
426 494 501 525 gens
528 486 730 527 convertitur,
963 484 1179 517 Gloriosorum
1203 488 1388 524 martyrum,

269 533 443 564 Perversus
468 533 547 564 ritus
571 533 736 571 premitur,
964 532 1021 570 Qui
1046 532 1203 563 scandunt
1225 532 1318 563 sedes
1343 540 1493 571 superum

270 579 352 611 Nam
376 579 541 611 veritatem
565 579 717 612 indicant.
960 579 1076 611 Mundi
1102 581 1305 610 contemnunt
1328 579 1483 613 stimulos,

214 638 244 669 5.
271 635 374 668 Castri
401 635 508 667 consul
533 635 667 667 Viterbii
905 636 934 668 9.
963 636 1023 667 Pro
1049 635 1160 674 quibus
1185 635 1266 667 mira
1290 635 1407 675 gaudia

272 683 414 722 Exponit
437 683 494 714 hos
519 683 693 723 suppliciis,
961 682 1155 714 Monstravit
1180 682 1324 714 Christus
1349 683 1455 725 latius,

272 729 317 761 Ut
341 730 471 761 credant
495 729 663 769 idolatriis,
965 730 1140 761 Conversus
1166 732 1214 760 est
1237 729 1429 771 Demetrius,

273 776 367 808 Jussa
391 779 544 817 spernunt
566 777 731 809 Demetrii.
962 778 1027 814 Quo
1052 779 1174 816 martyr
1200 779 1248 807 est
1270 777 1427 812 Eudoxia.

216 835 246 866 6.
272 833 355 871 Quos
380 833 463 864 mola
486 833 591 872 gravis
616 831 758 865 funditus
893 833 946 864 io.
961 833 1049 865 Deus
1073 833 1164 865 nobis
1190 834 1356 871 retribuat,

274 880 435 919 Demergit
460 880 553 911 undis
578 879 713 919 Tiberis,
964 880 1022 913 Cui
1047 878 1221 911 referamus
1246 881 1376 921 gratias,

275 925 338 957 Sed
362 927 411 957 his
436 926 475 957 ab
501 927 589 966 aquis
612 926 721 958 liberis
963 927 1082 959 Demus
1106 936 1236 966 precum
1258 928 1425 968 primitias,

274 973 379 1004 Adest
397 974 545 1012 juvamen
573 973 712 1006 coelitus.
962 974 1029 1005 Nos
1056 974 1146 1006 donis
1168 974 1234 1005 suis
1257 975 1388 1008 imbuat.

292 1047 360 1074 Cod.
382 1047 544 1075 Bruxellen.
565 1046 716 1076 8067—74
733 1047 854 1084 (apogr.)
872 1057 947 1076 saec.
969 1048 1012 1077 17.
1041 1064 1080 1068 —
1104 1049 1171 1085 Vgl.
1193 1049 1240 1077 die
1258 1050 1444 1087 Hemerkung
1463 1061 1515 1079 zur

214 1086 336 1121 vorigen
354 1086 501 1113 Nummer.

462 1204 523 1235 221.
556 1205 591 1236 In
611 1204 829 1237 Translatione
849 1214 889 1236 ss.
908 1205 1029 1237 Hilario
1053 1207 1083 1237 et
1101 1206 1272 1239 Valentini.

220 1285 249 1318 1,
276 1282 393 1323 Quibus
415 1284 479 1323 jam
507 1284 623 1316 Christi
646 1285 780 1316 militum
892 1287 923 1318 3.
949 1286 1067 1326 Quibus
1090 1287 1253 1326 plectendi
1280 1291 1420 1329 corporis

278 1330 390 1362 Fidem
416 1339 587 1370 pangamus
613 1332 743 1363 canticis
953 1333 1160 1372 Objicientem
1184 1335 1328 1367 hostibus

276 1377 497 1409 Examinatam
521 1378 689 1417 plurimum
952 1380 1099 1413 Membra
1122 1382 1244 1414 nudata
1267 1383 1401 1423 perfidis

278 1424 514 1456 Tormentorum
539 1425 714 1464 periculis?
952 1428 1111 1459 Ardorem
1135 1432 1278 1461 sanctum
1303 1431 1478 1464 laudibus?

222 1482 253 1514 2,
281 1480 398 1518 Quibus
422 1482 610 1512 temnentem
636 1480 762 1514 fortiter
895 1486 926 1516 -l,
953 1484 1070 1524 Quibus
1094 1485 1247 1518 virtutum
1273 1488 1411 1520 culmina

277 1527 419 1559 Terrena
443 1536 531 1566 spem
556 1528 743 1561 coelestibus
954 1531 1133 1564 Ceterarum
1159 1536 1366 1575 praestantia,

276 1574 515 1613 Inhiantemque
535 1576 655 1615 jugiter
956 1578 1076 1611 Cuncta
1102 1580 1256 1613 bellorum
1282 1591 1398 1623 genera

276 1622 507 1661 Prosequamur
530 1622 702 1655 honoribus
712 1625 726 1654 ’.-
953 1626 1076 1657 Invicte
1099 1630 1306 1667 superantia?

577 1680 608 1713 5.
635 1678 684 1712 Sit
706 1688 779 1719 ergo
804 1681 889 1721 patri
912 1681 1047 1714 Domino

635 1727 776 1767 Ejusque
799 1730 873 1760 nato
898 1729 1007 1773 gloria,

637 1773 769 1814 Spiritui
792 1776 958 1817 paraclito,

635 1821 698 1853 Per
721 1830 797 1861 quos
821 1823 966 1856 vicerunt
989 1825 1102 1859 omnia.

294 1893 363 1922 Cod.
383 1894 567 1923 Vallieellan.
589 1895 614 1923 G
633 1894 678 1923 77.
697 1895 819 1933 (apogr.)
838 1906 914 1925 saec.
938 1897 982 1927 17.

665 2025 730 2056 222.
759 2026 803 2058 De
824 2029 930 2058 saneto
951 2029 1072 2061 Jacobo.

713 2103 763 2132 Ad
780 2103 870 2143 Vesp.
895 2108 924 2135 et
941 2106 1029 2137 Noet.

221 2170 251 2203 1.
279 2169 426 2202 Gloriosa
455 2169 522 2203 dios
546 2171 609 2203 ista
899 2176 929 2206 2.
956 2175 1026 2207 Hac
1050 2175 1192 2214 piscator
1214 2175 1271 2207 ille
1294 2186 1430 2216 magnus

324 2219 508 2256 praesentat
530 2219 684 2251 laetitiam
1004 2232 1023 2253 a
1047 2226 1180 2263 captura.
1203 2223 1339 2262 piscium

278 2265 323 2296 Et
344 2265 485 2296 illustrat
509 2275 565 2297 sua
589 2267 660 2299 luce
958 2270 1119 2310 Linquens
1133 2273 1266 2311 patrem,
1284 2272 1431 2311 linquens
1444 2275 1523 2313 rete,

323 2315 523 2351 praesentem
547 2313 699 2347 familiam
1004 2317 1061 2349 sed
1087 2318 1192 2350 ditans
1217 2318 1367 2360 officium,

280 2360 475 2393 Gaudiorum
500 2364 532 2393 et
555 2362 667 2395 salutis
962 2365 1016 2397 Ad
1042 2366 1178 2397 coeleste
1203 2366 1243 2398 de
1267 2370 1394 2400 terreno

329 2408 513 2441 ministrans
537 2411 712 2444 materiam.
1008 2413 1124 2445 transit
1146 2415 1394 2450 mercimonium.
