<?xml version="1.0" encoding="UTF-8"?>
<!DOCTYPE html PUBLIC "-//W3C//DTD XHTML 1.0 Transitional//EN"
    "http://www.w3.org/TR/xhtml1/DTD/xhtml1-transitional.dtd">
<html xmlns="http://www.w3.org/1999/xhtml" xml:lang="en" lang="en">
 <head>
  <title>
</title>
<meta http-equiv="Content-Type" content="text/html;charset=utf-8" />
  <meta name='ocr-system' content='tesseract 3.04.00' />
  <meta name='ocr-capabilities' content='ocr_page ocr_carea ocr_par ocr_line ocrx_word'/>
</head>
<body>
  <div class='ocr_page' id='page_1' title='image "./analectahymnica22drevuoft_00022.png"; bbox 0 0 1651 2621; ppageno 0'>
   <div class='ocr_carea' id='block_1_1' title="bbox 697 137 930 173">
    <p class='ocr_par' dir='ltr' id='par_1_1' title="bbox 697 137 930 173">
     <span class='ocr_line' id='line_1_1' title="bbox 697 137 930 173; baseline 0.004 -10"><span class='ocrx_word' id='word_1_1' title='bbox 697 137 930 173; x_wconf 50' lang='grc' dir='ltr'>-19ῌ</span> 
     </span>
    </p>
   </div>
   <div class='ocr_carea' id='block_1_2' title="bbox 420 230 1105 416">
    <p class='ocr_par' dir='ltr' id='par_1_2' title="bbox 420 230 1105 368">
     <span class='ocr_line' id='line_1_2' title="bbox 420 230 1076 275; baseline 0.006 -12"><span class='ocrx_word' id='word_1_2' title='bbox 420 257 427 264; x_wconf 94' lang='grc'><strong>.</strong></span> <span class='ocrx_word' id='word_1_3' title='bbox 454 230 556 271; x_wconf 80' lang='lat' dir='ltr'>Dona,</span> <span class='ocrx_word' id='word_1_4' title='bbox 580 242 660 272; x_wconf 79' lang='lat' dir='ltr'>quae</span> <span class='ocrx_word' id='word_1_5' title='bbox 680 233 785 273; x_wconf 85' lang='lat' dir='ltr'>jactas</span> <span class='ocrx_word' id='word_1_6' title='bbox 809 235 952 273; x_wconf 79' lang='lat' dir='ltr'>pretiosa</span> <span class='ocrx_word' id='word_1_7' title='bbox 978 236 1076 275; x_wconf 84' lang='lat' dir='ltr'>dives,</span> 
     </span>
     <span class='ocr_line' id='line_1_3' title="bbox 454 279 1105 328; baseline 0.006 -16"><span class='ocrx_word' id='word_1_8' title='bbox 454 279 609 318; x_wconf 84' lang='lat' dir='ltr'><strong>Pauperis</strong></span> <span class='ocrx_word' id='word_1_9' title='bbox 633 285 769 313; x_wconf 82' lang='lat' dir='ltr'><strong>mentem</strong></span> <span class='ocrx_word' id='word_1_10' title='bbox 796 286 946 314; x_wconf 89' lang='lat' dir='ltr'>moveant</span> <span class='ocrx_word' id='word_1_11' title='bbox 968 283 1105 328; x_wconf 73' lang='lat' dir='ltr'>puellae,</span> 
     </span>
     <span class='ocr_line' id='line_1_4' title="bbox 452 325 1030 368; baseline 0.009 -11"><span class='ocrx_word' id='word_1_12' title='bbox 452 325 589 367; x_wconf 82' lang='lat' dir='ltr'>Dignior</span> <span class='ocrx_word' id='word_1_13' title='bbox 612 336 748 368; x_wconf 87' lang='lat' dir='ltr'>sponsus</span> <span class='ocrx_word' id='word_1_14' title='bbox 772 329 907 362; x_wconf 80' lang='lat' dir='ltr'>meliora</span> <span class='ocrx_word' id='word_1_15' title='bbox 930 331 1030 363; x_wconf 81' lang='lat' dir='ltr'>multo</span> 
     </span>
    </p>

    <p class='ocr_par' dir='ltr' id='par_1_3' title="bbox 498 374 815 416">
     <span class='ocr_line' id='line_1_5' title="bbox 498 374 815 416; baseline 0.009 -10"><span class='ocrx_word' id='word_1_16' title='bbox 498 374 637 407; x_wconf 78' lang='lat' dir='ltr'>Munera</span> <span class='ocrx_word' id='word_1_17' title='bbox 660 378 815 416; x_wconf 80' lang='lat' dir='ltr'>praestat,</span> 
     </span>
    </p>
   </div>
   <div class='ocr_carea' id='block_1_3' title="bbox 393 430 1138 610">
    <p class='ocr_par' dir='ltr' id='par_1_4' title="bbox 393 430 1138 610">
     <span class='ocr_line' id='line_1_6' title="bbox 393 430 980 476; baseline 0.005 -12"><span class='ocrx_word' id='word_1_18' title='bbox 393 432 425 464; x_wconf 76' lang='lat'>4.</span> <span class='ocrx_word' id='word_1_19' title='bbox 455 430 578 464; x_wconf 76' lang='lat' dir='ltr'>Clarior</span> <span class='ocrx_word' id='word_1_20' title='bbox 603 432 680 464; x_wconf 83' lang='lat' dir='ltr'>luna</span> <span class='ocrx_word' id='word_1_21' title='bbox 704 433 868 473; x_wconf 80' lang='lat' dir='ltr'>radiisque</span> <span class='ocrx_word' id='word_1_22' title='bbox 892 435 980 476; x_wconf 85' lang='lat' dir='ltr'>solis,</span> 
     </span>
     <span class='ocr_line' id='line_1_7' title="bbox 452 478 1117 522; baseline 0.005 -10"><span class='ocrx_word' id='word_1_23' title='bbox 452 478 574 512; x_wconf 78' lang='lat' dir='ltr'>Cuncta</span> <span class='ocrx_word' id='word_1_24' title='bbox 598 480 647 512; x_wconf 84' lang='lat' dir='ltr'>cui</span> <span class='ocrx_word' id='word_1_25' title='bbox 673 484 789 521; x_wconf 82' lang='lat' dir='ltr'>parent</span> <span class='ocrx_word' id='word_1_26' title='bbox 814 482 971 514; x_wconf 82' lang='lat' dir='ltr'>elementa</span> <span class='ocrx_word' id='word_1_27' title='bbox 995 484 1117 522; x_wconf 79' lang='lat' dir='ltr'>muudi,</span> 
     </span>
     <span class='ocr_line' id='line_1_8' title="bbox 452 526 1138 571; baseline 0.006 -12"><span class='ocrx_word' id='word_1_28' title='bbox 452 526 493 559; x_wconf 85' lang='lat' dir='ltr'>Se</span> <span class='ocrx_word' id='word_1_29' title='bbox 518 527 596 559; x_wconf 85' lang='lat' dir='ltr'>mihi</span> <span class='ocrx_word' id='word_1_30' title='bbox 621 537 772 568; x_wconf 86' lang='lat' dir='ltr'>sponsum</span> <span class='ocrx_word' id='word_1_31' title='bbox 796 530 886 562; x_wconf 83' lang='lat' dir='ltr'>dedit</span> <span class='ocrx_word' id='word_1_32' title='bbox 911 532 943 562; x_wconf 89' lang='lat' dir='ltr'>et</span> <span class='ocrx_word' id='word_1_33' title='bbox 966 539 1138 571; x_wconf 82' lang='lat' dir='ltr'>perennem</span> 
     </span>
     <span class='ocr_line' id='line_1_9' title="bbox 500 574 758 610; baseline 0.008 -3"><span class='ocrx_word' id='word_1_34' title='bbox 500 574 614 607; x_wconf 83' lang='lat' dir='ltr'>Sidera</span> <span class='ocrx_word' id='word_1_35' title='bbox 641 575 758 610; x_wconf 84' lang='lat' dir='ltr'>dotem.</span> 
     </span>
    </p>
   </div>
   <div class='ocr_carea' id='block_1_4' title="bbox 391 631 1092 1010">
    <p class='ocr_par' dir='ltr' id='par_1_5' title="bbox 394 631 1092 769">
     <span class='ocr_line' id='line_1_10' title="bbox 394 631 1092 675; baseline 0.004 -11"><span class='ocrx_word' id='word_1_36' title='bbox 394 632 424 664; x_wconf 88' lang='lat'>5.</span> <span class='ocrx_word' id='word_1_37' title='bbox 452 631 586 671; x_wconf 80' lang='lat' dir='ltr'>Jamque</span> <span class='ocrx_word' id='word_1_38' title='bbox 612 633 779 673; x_wconf 85' lang='lat' dir='ltr'>complexu</span> <span class='ocrx_word' id='word_1_39' title='bbox 804 632 941 666; x_wconf 84' lang='lat' dir='ltr'>fruimur</span> <span class='ocrx_word' id='word_1_40' title='bbox 966 635 1092 675; x_wconf 75' lang='lat' dir='ltr'>pudic-o,</span> 
     </span>
     <span class='ocr_line' id='line_1_11' title="bbox 451 678 1034 723; baseline 0.003 -12"><span class='ocrx_word' id='word_1_41' title='bbox 451 678 523 711; x_wconf 83' lang='lat' dir='ltr'>Jam</span> <span class='ocrx_word' id='word_1_42' title='bbox 550 688 623 712; x_wconf 86' lang='lat' dir='ltr'>caro</span> <span class='ocrx_word' id='word_1_43' title='bbox 650 681 738 712; x_wconf 83' lang='lat' dir='ltr'>carni</span> <span class='ocrx_word' id='word_1_44' title='bbox 762 681 883 714; x_wconf 80' lang='lat' dir='ltr'>sociata</span> <span class='ocrx_word' id='word_1_45' title='bbox 907 683 1034 723; x_wconf 75' lang='lat' dir='ltr'>gaudet,</span> 
     </span>
     <span class='ocr_line' id='line_1_12' title="bbox 448 726 1068 769; baseline 0.002 -10"><span class='ocrx_word' id='word_1_46' title='bbox 448 726 520 759; x_wconf 79' lang='lat' dir='ltr'>Jam</span> <span class='ocrx_word' id='word_1_47' title='bbox 543 735 634 760; x_wconf 80' lang='lat' dir='ltr'>sacer</span> <span class='ocrx_word' id='word_1_48' title='bbox 659 728 788 769; x_wconf 79' lang='lat' dir='ltr'>sanguis</span> <span class='ocrx_word' id='word_1_49' title='bbox 813 728 928 761; x_wconf 78' lang='lat' dir='ltr'>faeiem</span> <span class='ocrx_word' id='word_1_50' title='bbox 953 729 1068 762; x_wconf 84' lang='lat' dir='ltr'>nitenti</span> 
     </span>
    </p>

    <p class='ocr_par' dir='ltr' id='par_1_6' title="bbox 499 776 756 811">
     <span class='ocr_line' id='line_1_13' title="bbox 499 776 756 811; baseline -0.004 -3"><span class='ocrx_word' id='word_1_51' title='bbox 499 776 624 808; x_wconf 79' lang='lat' dir='ltr'>Murice</span> <span class='ocrx_word' id='word_1_52' title='bbox 648 776 756 811; x_wconf 78' lang='lat' dir='ltr'>tinxit,</span> 
     </span>
    </p>

    <p class='ocr_par' dir='ltr' id='par_1_7' title="bbox 391 832 1065 968">
     <span class='ocr_line' id='line_1_14' title="bbox 391 832 1065 873; baseline 0.003 -10"><span class='ocrx_word' id='word_1_53' title='bbox 391 833 421 864; x_wconf 89' lang='lat'>6.</span> <span class='ocrx_word' id='word_1_54' title='bbox 449 833 554 872; x_wconf 70' lang='lat' dir='ltr'>Quare</span> <span class='ocrx_word' id='word_1_55' title='bbox 579 834 729 865; x_wconf 76' lang='lat' dir='ltr'>mortales</span> <span class='ocrx_word' id='word_1_56' title='bbox 755 833 918 873; x_wconf 79' lang='lat' dir='ltr'>periturae</span> <span class='ocrx_word' id='word_1_57' title='bbox 943 832 1065 867; x_wconf 75' lang='lat' dir='ltr'>formae</span> 
     </span>
     <span class='ocr_line' id='line_1_15' title="bbox 451 880 1034 922; baseline 0.005 -11"><span class='ocrx_word' id='word_1_58' title='bbox 451 880 590 912; x_wconf 78' lang='lat' dir='ltr'>Coelitus</span> <span class='ocrx_word' id='word_1_59' title='bbox 616 881 718 913; x_wconf 90' lang='lat' dir='ltr'>nostri</span> <span class='ocrx_word' id='word_1_60' title='bbox 742 881 892 921; x_wconf 82' lang='lat' dir='ltr'>placuere</span> <span class='ocrx_word' id='word_1_61' title='bbox 917 882 1034 922; x_wconf 84' lang='lat' dir='ltr'>vultuS,</span> 
     </span>
     <span class='ocr_line' id='line_1_16' title="bbox 451 927 1051 968; baseline 0.003 -9"><span class='ocrx_word' id='word_1_62' title='bbox 451 927 545 960; x_wconf 87' lang='lat' dir='ltr'>Vivet</span> <span class='ocrx_word' id='word_1_63' title='bbox 568 928 601 960; x_wconf 91' lang='lat' dir='ltr'>in</span> <span class='ocrx_word' id='word_1_64' title='bbox 627 929 722 960; x_wconf 84' lang='lat' dir='ltr'>terris</span> <span class='ocrx_word' id='word_1_65' title='bbox 748 938 837 961; x_wconf 85' lang='lat' dir='ltr'>amor</span> <span class='ocrx_word' id='word_1_66' title='bbox 860 930 931 968; x_wconf 74' lang='lat' dir='ltr'>iste,</span> <span class='ocrx_word' id='word_1_67' title='bbox 959 930 1051 961; x_wconf 82' lang='lat' dir='ltr'>celsis</span> 
     </span>
    </p>

    <p class='ocr_par' dir='ltr' id='par_1_8' title="bbox 497 975 781 1010">
     <span class='ocr_line' id='line_1_17' title="bbox 497 975 781 1010; baseline 0.007 -3"><span class='ocrx_word' id='word_1_68' title='bbox 497 975 593 1008; x_wconf 84' lang='lat' dir='ltr'>Vivet</span> <span class='ocrx_word' id='word_1_69' title='bbox 617 976 650 1007; x_wconf 89' lang='lat' dir='ltr'>in</span> <span class='ocrx_word' id='word_1_70' title='bbox 676 976 781 1010; x_wconf 65' lang='lat' dir='ltr'>astris.</span> 
     </span>
    </p>
   </div>
   <div class='ocr_carea' id='block_1_5' title="bbox 390 1032 1142 1215">
    <p class='ocr_par' dir='ltr' id='par_1_9' title="bbox 390 1032 1142 1168">
     <span class='ocr_line' id='line_1_18' title="bbox 390 1032 1052 1074; baseline 0.003 -11"><span class='ocrx_word' id='word_1_71' title='bbox 390 1034 421 1065; x_wconf 80' lang='grc'>’7,</span> <span class='ocrx_word' id='word_1_72' title='bbox 449 1032 547 1074; x_wconf 79' lang='lat' dir='ltr'>Virgo</span> <span class='ocrx_word' id='word_1_73' title='bbox 573 1040 632 1064; x_wconf 78' lang='lat' dir='ltr'>nee</span> <span class='ocrx_word' id='word_1_74' title='bbox 656 1033 769 1064; x_wconf 88' lang='lat' dir='ltr'>mirum</span> <span class='ocrx_word' id='word_1_75' title='bbox 797 1033 943 1065; x_wconf 79' lang='lat' dir='ltr'>videatur</span> <span class='ocrx_word' id='word_1_76' title='bbox 967 1034 1052 1065; x_wconf 86' lang='lat' dir='ltr'>alma</span> 
     </span>
     <span class='ocr_line' id='line_1_19' title="bbox 448 1080 1142 1121; baseline 0 -10"><span class='ocrx_word' id='word_1_77' title='bbox 448 1080 571 1112; x_wconf 77' lang='lat' dir='ltr'>Cuncta</span> <span class='ocrx_word' id='word_1_78' title='bbox 594 1080 622 1111; x_wconf 91' lang='lat' dir='ltr'>si</span> <span class='ocrx_word' id='word_1_79' title='bbox 647 1081 767 1119; x_wconf 77' lang='lat' dir='ltr'>sprevit</span> <span class='ocrx_word' id='word_1_80' title='bbox 794 1083 997 1113; x_wconf 84' lang='lat' dir='ltr'>monumenta</span> <span class='ocrx_word' id='word_1_81' title='bbox 1020 1081 1142 1121; x_wconf 82' lang='lat' dir='ltr'>mortis,</span> 
     </span>
     <span class='ocr_line' id='line_1_20' title="bbox 449 1127 1118 1168; baseline 0.003 -10"><span class='ocrx_word' id='word_1_82' title='bbox 449 1127 536 1166; x_wconf 80' lang='lat' dir='ltr'>Quae</span> <span class='ocrx_word' id='word_1_83' title='bbox 559 1128 647 1167; x_wconf 84' lang='lat' dir='ltr'>pium</span> <span class='ocrx_word' id='word_1_84' title='bbox 673 1129 757 1160; x_wconf 79' lang='lat' dir='ltr'>vitae</span> <span class='ocrx_word' id='word_1_85' title='bbox 783 1128 944 1160; x_wconf 85' lang='lat' dir='ltr'>dominum</span> <span class='ocrx_word' id='word_1_86' title='bbox 968 1129 1118 1168; x_wconf 84' lang='lat' dir='ltr'>perennis</span> 
     </span>
    </p>

    <p class='ocr_par' dir='ltr' id='par_1_10' title="bbox 496 1174 782 1215">
     <span class='ocr_line' id='line_1_21' title="bbox 496 1174 782 1215; baseline 0.003 -9"><span class='ocrx_word' id='word_1_87' title='bbox 496 1174 629 1215; x_wconf 85' lang='lat' dir='ltr'>Semper</span> <span class='ocrx_word' id='word_1_88' title='bbox 655 1176 782 1207; x_wconf 85' lang='lat' dir='ltr'>amavit.</span> 
     </span>
    </p>
   </div>
   <div class='ocr_carea' id='block_1_6' title="bbox 388 1231 1172 1409">
    <p class='ocr_par' dir='ltr' id='par_1_11' title="bbox 388 1231 1172 1368">
     <span class='ocr_line' id='line_1_22' title="bbox 388 1231 1057 1276; baseline 0 -11"><span class='ocrx_word' id='word_1_89' title='bbox 388 1233 420 1265; x_wconf 88' lang='lat'>8.</span> <span class='ocrx_word' id='word_1_90' title='bbox 447 1231 499 1263; x_wconf 86' lang='lat' dir='ltr'>Ad</span> <span class='ocrx_word' id='word_1_91' title='bbox 528 1235 606 1271; x_wconf 87' lang='lat' dir='ltr'>tuas,</span> <span class='ocrx_word' id='word_1_92' title='bbox 632 1238 749 1276; x_wconf 82' lang='lat' dir='ltr'>Agnes,</span> <span class='ocrx_word' id='word_1_93' title='bbox 777 1233 949 1273; x_wconf 82' lang='lat' dir='ltr'>rogitamus</span> <span class='ocrx_word' id='word_1_94' title='bbox 975 1242 1057 1271; x_wconf 85' lang='lat' dir='ltr'>aras,</span> 
     </span>
     <span class='ocr_line' id='line_1_23' title="bbox 443 1279 1102 1320; baseline 0.002 -10"><span class='ocrx_word' id='word_1_95' title='bbox 443 1279 577 1320; x_wconf 79' lang='lat' dir='ltr'>Flagret</span> <span class='ocrx_word' id='word_1_96' title='bbox 600 1279 633 1311; x_wconf 91' lang='lat' dir='ltr'>in</span> <span class='ocrx_word' id='word_1_97' title='bbox 658 1281 776 1312; x_wconf 86' lang='lat' dir='ltr'>nostris</span> <span class='ocrx_word' id='word_1_98' title='bbox 803 1289 892 1312; x_wconf 81' lang='lat' dir='ltr'>amor</span> <span class='ocrx_word' id='word_1_99' title='bbox 915 1281 977 1312; x_wconf 88' lang='lat' dir='ltr'>iste</span> <span class='ocrx_word' id='word_1_100' title='bbox 1002 1279 1102 1317; x_wconf 75' lang='lat' dir='ltr'>fibris,</span> 
     </span>
     <span class='ocr_line' id='line_1_24' title="bbox 448 1326 1172 1368; baseline 0 -9"><span class='ocrx_word' id='word_1_101' title='bbox 448 1326 665 1367; x_wconf 84' lang='lat' dir='ltr'>Comprimens</span> <span class='ocrx_word' id='word_1_102' title='bbox 690 1327 830 1359; x_wconf 83' lang='lat' dir='ltr'>blandae</span> <span class='ocrx_word' id='word_1_103' title='bbox 855 1328 998 1360; x_wconf 90' lang='lat' dir='ltr'>stimulos</span> <span class='ocrx_word' id='word_1_104' title='bbox 1021 1328 1172 1368; x_wconf 84' lang='lat' dir='ltr'>juventae</span> 
     </span>
    </p>

    <p class='ocr_par' dir='ltr' id='par_1_12' title="bbox 492 1374 786 1409">
     <span class='ocr_line' id='line_1_25' title="bbox 492 1374 786 1409; baseline 0.007 -3"><span class='ocrx_word' id='word_1_105' title='bbox 492 1374 641 1407; x_wconf 69' lang='lat' dir='ltr'>Flumine</span> <span class='ocrx_word' id='word_1_106' title='bbox 665 1377 786 1409; x_wconf 83' lang='lat' dir='ltr'>saneto.</span> 
     </span>
    </p>
   </div>
   <div class='ocr_carea' id='block_1_7' title="bbox 386 1432 1063 1616">
    <p class='ocr_par' dir='ltr' id='par_1_13' title="bbox 386 1432 1063 1569">
     <span class='ocr_line' id='line_1_26' title="bbox 386 1432 1058 1471; baseline -0.001 -7"><span class='ocrx_word' id='word_1_107' title='bbox 386 1433 418 1465; x_wconf 80' lang='lat'>9.</span> <span class='ocrx_word' id='word_1_108' title='bbox 445 1433 513 1466; x_wconf 80' lang='lat' dir='ltr'>Ure</span> <span class='ocrx_word' id='word_1_109' title='bbox 541 1432 679 1465; x_wconf 79' lang='lat' dir='ltr'>lascivas</span> <span class='ocrx_word' id='word_1_110' title='bbox 704 1432 865 1464; x_wconf 87' lang='lat' dir='ltr'>hominum</span> <span class='ocrx_word' id='word_1_111' title='bbox 891 1432 1058 1471; x_wconf 81' lang='lat' dir='ltr'>medullas,</span> 
     </span>
     <span class='ocr_line' id='line_1_27' title="bbox 445 1478 1063 1520; baseline -0.002 -8"><span class='ocrx_word' id='word_1_112' title='bbox 445 1480 546 1512; x_wconf 84' lang='lat' dir='ltr'>Tutus</span> <span class='ocrx_word' id='word_1_113' title='bbox 576 1482 613 1511; x_wconf 86' lang='lat' dir='ltr'>ut</span> <span class='ocrx_word' id='word_1_114' title='bbox 641 1480 750 1512; x_wconf 82' lang='lat' dir='ltr'>dulces</span> <span class='ocrx_word' id='word_1_115' title='bbox 776 1478 879 1520; x_wconf 75' lang='lat' dir='ltr'>fugiat</span> <span class='ocrx_word' id='word_1_116' title='bbox 903 1480 1063 1520; x_wconf 70' lang='lat' dir='ltr'>proeellas</span> 
     </span>
     <span class='ocr_line' id='line_1_28' title="bbox 444 1527 1061 1569; baseline 0 -9"><span class='ocrx_word' id='word_1_117' title='bbox 444 1527 584 1568; x_wconf 80' lang='lat' dir='ltr'>Spiritus</span> <span class='ocrx_word' id='word_1_118' title='bbox 613 1527 724 1560; x_wconf 89' lang='lat' dir='ltr'>mundi</span> <span class='ocrx_word' id='word_1_119' title='bbox 751 1528 932 1569; x_wconf 80' lang='lat' dir='ltr'>domitaque</span> <span class='ocrx_word' id='word_1_120' title='bbox 957 1528 1061 1560; x_wconf 85' lang='lat' dir='ltr'>victor</span> 
     </span>
    </p>

    <p class='ocr_par' dir='ltr' id='par_1_14' title="bbox 489 1575 801 1616">
     <span class='ocr_line' id='line_1_29' title="bbox 489 1575 801 1616; baseline -0.006 -8"><span class='ocrx_word' id='word_1_121' title='bbox 489 1575 594 1608; x_wconf 83' lang='lat' dir='ltr'>Carne</span> <span class='ocrx_word' id='word_1_122' title='bbox 618 1575 801 1616; x_wconf 79' lang='lat' dir='ltr'>triumphet.</span> 
     </span>
    </p>
   </div>
   <div class='ocr_carea' id='block_1_8' title="bbox 363 1633 1178 1809">
    <p class='ocr_par' dir='ltr' id='par_1_15' title="bbox 363 1633 1178 1767">
     <span class='ocr_line' id='line_1_30' title="bbox 363 1633 1090 1673; baseline -0.003 -8"><span class='ocrx_word' id='word_1_123' title='bbox 363 1633 417 1665; x_wconf 79' lang='lat'>10.</span> <span class='ocrx_word' id='word_1_124' title='bbox 444 1633 611 1673; x_wconf 80' lang='lat' dir='ltr'>Virginum</span> <span class='ocrx_word' id='word_1_125' title='bbox 636 1633 768 1665; x_wconf 79' lang='lat' dir='ltr'>laudent</span> <span class='ocrx_word' id='word_1_126' title='bbox 796 1633 852 1673; x_wconf 84' lang='lat' dir='ltr'>pia</span> <span class='ocrx_word' id='word_1_127' title='bbox 879 1635 951 1664; x_wconf 87' lang='lat' dir='ltr'>vota</span> <span class='ocrx_word' id='word_1_128' title='bbox 975 1641 1090 1672; x_wconf 82' lang='lat' dir='ltr'>regem,</span> 
     </span>
     <span class='ocr_line' id='line_1_31' title="bbox 445 1680 1178 1721; baseline 0.004 -12"><span class='ocrx_word' id='word_1_129' title='bbox 445 1681 542 1719; x_wconf 76' lang='lat' dir='ltr'>Quem</span> <span class='ocrx_word' id='word_1_130' title='bbox 571 1681 662 1713; x_wconf 77' lang='lat' dir='ltr'>decet</span> <span class='ocrx_word' id='word_1_131' title='bbox 686 1688 798 1713; x_wconf 80' lang='lat' dir='ltr'>sacrae</span> <span class='ocrx_word' id='word_1_132' title='bbox 821 1688 920 1721; x_wconf 81' lang='lat' dir='ltr'>genus</span> <span class='ocrx_word' id='word_1_133' title='bbox 947 1688 1038 1712; x_wconf 88' lang='lat' dir='ltr'>omne</span> <span class='ocrx_word' id='word_1_134' title='bbox 1062 1680 1178 1720; x_wconf 80' lang='lat' dir='ltr'>laudiS,</span> 
     </span>
     <span class='ocr_line' id='line_1_32' title="bbox 445 1727 1044 1767; baseline 0 -7"><span class='ocrx_word' id='word_1_135' title='bbox 445 1727 543 1767; x_wconf 81' lang='lat' dir='ltr'>Cujus</span> <span class='ocrx_word' id='word_1_136' title='bbox 568 1728 601 1760; x_wconf 89' lang='lat' dir='ltr'>in</span> <span class='ocrx_word' id='word_1_137' title='bbox 627 1729 710 1760; x_wconf 87' lang='lat' dir='ltr'>trino</span> <span class='ocrx_word' id='word_1_138' title='bbox 734 1736 923 1760; x_wconf 86' lang='lat' dir='ltr'>veneramur</span> <span class='ocrx_word' id='word_1_139' title='bbox 947 1736 1044 1760; x_wconf 89' lang='lat' dir='ltr'>unum</span> 
     </span>
    </p>

    <p class='ocr_par' dir='ltr' id='par_1_16' title="bbox 492 1775 782 1809">
     <span class='ocr_line' id='line_1_33' title="bbox 492 1775 782 1809; baseline 0.003 -1"><span class='ocrx_word' id='word_1_140' title='bbox 492 1775 630 1809; x_wconf 81' lang='lat' dir='ltr'>Numine</span> <span class='ocrx_word' id='word_1_141' title='bbox 654 1785 782 1809; x_wconf 84' lang='lat' dir='ltr'>numen.</span> 
     </span>
    </p>
   </div>
   <div class='ocr_carea' id='block_1_9' title="bbox 218 1836 1315 1877">
    <p class='ocr_par' dir='ltr' id='par_1_17' title="bbox 218 1836 1315 1877">
     <span class='ocr_line' id='line_1_34' title="bbox 218 1836 1315 1877; baseline 0.002 -11"><span class='ocrx_word' id='word_1_142' title='bbox 218 1836 436 1876; x_wconf 76' lang='lat' dir='ltr'>Martinengius</span> <span class='ocrx_word' id='word_1_143' title='bbox 455 1850 484 1877; x_wconf 84' lang='lat' dir='ltr'>p.</span> <span class='ocrx_word' id='word_1_144' title='bbox 508 1838 573 1869; x_wconf 83' lang='lat'>201.</span> <span class='ocrx_word' id='word_1_145' title='bbox 594 1855 632 1860; x_wconf 95' lang='lat'>—</span> <span class='ocrx_word' id='word_1_146' title='bbox 650 1840 804 1869; x_wconf 67' lang='lat' dir='ltr'>Verfasser</span> <span class='ocrx_word' id='word_1_147' title='bbox 823 1842 864 1868; x_wconf 78' lang='lat' dir='ltr'>ist</span> <span class='ocrx_word' id='word_1_148' title='bbox 882 1840 1075 1877; x_wconf 79' lang='lat' dir='ltr'>Alphanus</span> <span class='ocrx_word' id='word_1_149' title='bbox 1097 1849 1156 1868; x_wconf 77' lang='lat' dir='ltr'>von</span> <span class='ocrx_word' id='word_1_150' title='bbox 1176 1841 1315 1869; x_wconf 64' lang='lat' dir='ltr'>Salei-n«</span> 
     </span>
    </p>
   </div>
   <div class='ocr_carea' id='block_1_10' title="bbox 396 231 415 263">
    <p class='ocr_par' dir='ltr' id='par_1_18' title="bbox 396 231 415 263">
     <span class='ocr_line' id='line_1_35' title="bbox 396 231 415 263; textangle 90"><span class='ocrx_word' id='word_1_151' title='bbox 396 231 415 263; x_wconf 67' lang='grc' dir='ltr'>ΕΞ)</span> 
     </span>
    </p>
   </div>
   <div class='ocr_carea' id='block_1_11' title="bbox 604 1941 1000 2048">
    <p class='ocr_par' dir='ltr' id='par_1_19' title="bbox 604 1941 1000 2048">
     <span class='ocr_line' id='line_1_36' title="bbox 604 1941 1000 1982; baseline 0 -10"><span class='ocrx_word' id='word_1_152' title='bbox 604 1941 645 1972; x_wconf 87' lang='lat'>21.</span> <span class='ocrx_word' id='word_1_153' title='bbox 675 1941 720 1973; x_wconf 84' lang='lat' dir='ltr'>De</span> <span class='ocrx_word' id='word_1_154' title='bbox 739 1943 850 1974; x_wconf 85' lang='lat' dir='ltr'>saneta</span> <span class='ocrx_word' id='word_1_155' title='bbox 871 1942 1000 1982; x_wconf 79' lang='lat' dir='ltr'>Agnete.</span> 
     </span>
     <span class='ocr_line' id='line_1_37' title="bbox 643 2009 955 2048; baseline 0 -9"><span class='ocrx_word' id='word_1_156' title='bbox 643 2009 692 2039; x_wconf 78' lang='lat' dir='ltr'>Ad</span> <span class='ocrx_word' id='word_1_157' title='bbox 710 2009 800 2048; x_wconf 80' lang='lat' dir='ltr'>Vesp.</span> <span class='ocrx_word' id='word_1_158' title='bbox 821 2013 851 2040; x_wconf 79' lang='lat' dir='ltr'>et</span> <span class='ocrx_word' id='word_1_159' title='bbox 869 2010 955 2040; x_wconf 75' lang='lat' dir='ltr'>Noet.</span> 
     </span>
    </p>
   </div>
   <div class='ocr_carea' id='block_1_12' title="bbox 138 2077 1455 2459">
    <p class='ocr_par' dir='ltr' id='par_1_20' title="bbox 140 2077 1363 2265">
     <span class='ocr_line' id='line_1_38' title="bbox 140 2077 1314 2122; baseline 0.002 -11"><span class='ocrx_word' id='word_1_160' title='bbox 140 2077 171 2111; x_wconf 83' lang='lat'>1.</span> <span class='ocrx_word' id='word_1_161' title='bbox 200 2078 366 2118; x_wconf 81' lang='lat' dir='ltr'>Supernae</span> <span class='ocrx_word' id='word_1_162' title='bbox 391 2078 473 2110; x_wconf 86' lang='lat' dir='ltr'>lucis</span> <span class='ocrx_word' id='word_1_163' title='bbox 499 2077 610 2110; x_wconf 81' lang='lat' dir='ltr'>radius</span> <span class='ocrx_word' id='word_1_164' title='bbox 831 2081 862 2113; x_wconf 84' lang='lat'>3.</span> <span class='ocrx_word' id='word_1_165' title='bbox 885 2079 968 2111; x_wconf 86' lang='lat' dir='ltr'>Dum</span> <span class='ocrx_word' id='word_1_166' title='bbox 993 2078 1058 2111; x_wconf 83' lang='lat' dir='ltr'>fide</span> <span class='ocrx_word' id='word_1_167' title='bbox 1082 2079 1129 2111; x_wconf 82' lang='lat' dir='ltr'>sic</span> <span class='ocrx_word' id='word_1_168' title='bbox 1152 2079 1314 2122; x_wconf 81' lang='lat' dir='ltr'>imbuitur,</span> 
     </span>
     <span class='ocr_line' id='line_1_39' title="bbox 200 2125 1310 2168; baseline 0.001 -9"><span class='ocrx_word' id='word_1_169' title='bbox 200 2125 303 2159; x_wconf 80' lang='lat' dir='ltr'>Nobis</span> <span class='ocrx_word' id='word_1_170' title='bbox 327 2126 436 2158; x_wconf 79' lang='lat' dir='ltr'>illuxit</span> <span class='ocrx_word' id='word_1_171' title='bbox 459 2126 565 2164; x_wconf 82' lang='lat' dir='ltr'>hodie,</span> <span class='ocrx_word' id='word_1_172' title='bbox 887 2126 1039 2159; x_wconf 78' lang='lat' dir='ltr'>Divinum</span> <span class='ocrx_word' id='word_1_173' title='bbox 1063 2126 1101 2159; x_wconf 80' lang='lat' dir='ltr'>fit</span> <span class='ocrx_word' id='word_1_174' title='bbox 1125 2129 1310 2168; x_wconf 77' lang='lat' dir='ltr'>sacrarium,</span> 
     </span>
     <span class='ocr_line' id='line_1_40' title="bbox 198 2173 1293 2219; baseline 0.002 -13"><span class='ocrx_word' id='word_1_175' title='bbox 198 2173 266 2213; x_wconf 72' lang='lat' dir='ltr'>Quo</span> <span class='ocrx_word' id='word_1_176' title='bbox 290 2175 400 2214; x_wconf 81' lang='lat' dir='ltr'>Agnes</span> <span class='ocrx_word' id='word_1_177' title='bbox 425 2175 459 2207; x_wconf 90' lang='lat' dir='ltr'>in</span> <span class='ocrx_word' id='word_1_178' title='bbox 486 2173 675 2206; x_wconf 82' lang='lat' dir='ltr'>coelestibus</span> <span class='ocrx_word' id='word_1_179' title='bbox 886 2174 1021 2207; x_wconf 81' lang='lat' dir='ltr'>Doctrix</span> <span class='ocrx_word' id='word_1_180' title='bbox 1041 2174 1119 2216; x_wconf 82' lang='lat' dir='ltr'>legis</span> <span class='ocrx_word' id='word_1_181' title='bbox 1146 2174 1293 2219; x_wconf 83' lang='lat' dir='ltr'>efficitur,</span> 
     </span>
     <span class='ocr_line' id='line_1_41' title="bbox 198 2222 1363 2265; baseline 0.001 -9"><span class='ocrx_word' id='word_1_182' title='bbox 198 2222 338 2258; x_wconf 87' lang='lat' dir='ltr'>Offertur</span> <span class='ocrx_word' id='word_1_183' title='bbox 363 2223 431 2263; x_wconf 83' lang='lat' dir='ltr'>regi</span> <span class='ocrx_word' id='word_1_184' title='bbox 456 2222 586 2263; x_wconf 79' lang='lat' dir='ltr'>gloriae.</span> <span class='ocrx_word' id='word_1_185' title='bbox 887 2222 971 2255; x_wconf 85' lang='lat' dir='ltr'>Dum</span> <span class='ocrx_word' id='word_1_186' title='bbox 995 2224 1044 2254; x_wconf 82' lang='lat' dir='ltr'>sic</span> <span class='ocrx_word' id='word_1_187' title='bbox 1069 2222 1170 2256; x_wconf 85' lang='lat' dir='ltr'>dietat</span> <span class='ocrx_word' id='word_1_188' title='bbox 1195 2224 1363 2265; x_wconf 80' lang='lat' dir='ltr'>eloquium.</span> 
     </span>
    </p>

    <p class='ocr_par' dir='ltr' id='par_1_21' title="bbox 138 2279 1455 2459">
     <span class='ocr_line' id='line_1_42' title="bbox 138 2279 1435 2324; baseline 0.002 -10"><span class='ocrx_word' id='word_1_189' title='bbox 138 2283 169 2314; x_wconf 87' lang='lat'>2.</span> <span class='ocrx_word' id='word_1_190' title='bbox 196 2281 235 2314; x_wconf 91' lang='lat' dir='ltr'>In</span> <span class='ocrx_word' id='word_1_191' title='bbox 261 2279 327 2315; x_wconf 84' lang='lat' dir='ltr'>fide</span> <span class='ocrx_word' id='word_1_192' title='bbox 350 2281 441 2322; x_wconf 85' lang='lat' dir='ltr'>virgo</span> <span class='ocrx_word' id='word_1_193' title='bbox 467 2279 582 2313; x_wconf 79' lang='lat' dir='ltr'>claruit</span> <span class='ocrx_word' id='word_1_194' title='bbox 828 2282 860 2314; x_wconf 76' lang='lat'>4.</span> <span class='ocrx_word' id='word_1_195' title='bbox 886 2280 989 2320; x_wconf 83' lang='lat' dir='ltr'>Agna,</span> <span class='ocrx_word' id='word_1_196' title='bbox 1020 2280 1094 2313; x_wconf 85' lang='lat' dir='ltr'>dum</span> <span class='ocrx_word' id='word_1_197' title='bbox 1119 2290 1233 2322; x_wconf 83' lang='lat' dir='ltr'>agnum</span> <span class='ocrx_word' id='word_1_198' title='bbox 1258 2284 1435 2324; x_wconf 80' lang='lat' dir='ltr'>praedicat,</span> 
     </span>
     <span class='ocr_line' id='line_1_43' title="bbox 198 2327 1278 2374; baseline 0 -11"><span class='ocrx_word' id='word_1_199' title='bbox 198 2328 363 2363; x_wconf 80' lang='lat' dir='ltr'>Castitatis</span> <span class='ocrx_word' id='word_1_200' title='bbox 387 2329 570 2370; x_wconf 78' lang='lat' dir='ltr'>praeconio,</span> <span class='ocrx_word' id='word_1_201' title='bbox 886 2329 978 2368; x_wconf 83' lang='lat' dir='ltr'>Agno</span> <span class='ocrx_word' id='word_1_202' title='bbox 1004 2327 1038 2360; x_wconf 84' lang='lat' dir='ltr'>fit</span> <span class='ocrx_word' id='word_1_203' title='bbox 1063 2330 1278 2374; x_wconf 82' lang='lat' dir='ltr'>peramabilis,</span> 
     </span>
     <span class='ocr_line' id='line_1_44' title="bbox 198 2376 1455 2421; baseline 0.004 -13"><span class='ocrx_word' id='word_1_204' title='bbox 198 2377 285 2415; x_wconf 79' lang='lat' dir='ltr'>Quae</span> <span class='ocrx_word' id='word_1_205' title='bbox 310 2379 405 2416; x_wconf 85' lang='lat' dir='ltr'>turpe</span> <span class='ocrx_word' id='word_1_206' title='bbox 429 2378 533 2411; x_wconf 87' lang='lat' dir='ltr'>scelus</span> <span class='ocrx_word' id='word_1_207' title='bbox 555 2376 681 2411; x_wconf 83' lang='lat' dir='ltr'>horruit</span> <span class='ocrx_word' id='word_1_208' title='bbox 884 2377 968 2409; x_wconf 86' lang='lat' dir='ltr'>&#39;Dum</span> <span class='ocrx_word' id='word_1_209' title='bbox 994 2376 1115 2409; x_wconf 83' lang='lat' dir='ltr'>munda</span> <span class='ocrx_word' id='word_1_210' title='bbox 1139 2379 1291 2411; x_wconf 83' lang='lat' dir='ltr'>mundum</span> <span class='ocrx_word' id='word_1_211' title='bbox 1314 2383 1455 2421; x_wconf 81' lang='lat' dir='ltr'>superat,</span> 
     </span>
     <span class='ocr_line' id='line_1_45' title="bbox 196 2423 1311 2459; baseline 0.001 -1"><span class='ocrx_word' id='word_1_212' title='bbox 196 2424 315 2458; x_wconf 83' lang='lat' dir='ltr'>Christi</span> <span class='ocrx_word' id='word_1_213' title='bbox 344 2424 438 2459; x_wconf 77' lang='lat' dir='ltr'>datur</span> <span class='ocrx_word' id='word_1_214' title='bbox 463 2426 631 2459; x_wconf 81' lang='lat' dir='ltr'>connubio.</span> <span class='ocrx_word' id='word_1_215' title='bbox 884 2424 1009 2457; x_wconf 75' lang='lat' dir='ltr'>Mundo</span> <span class='ocrx_word' id='word_1_216' title='bbox 1033 2423 1071 2456; x_wconf 75' lang='lat' dir='ltr'>fit</span> <span class='ocrx_word' id='word_1_217' title='bbox 1096 2427 1311 2459; x_wconf 75' lang='lat' dir='ltr'>exsecrabilis.</span> 
     </span>
    </p>
   </div>
   <div class='ocr_carea' id='block_1_13' title="bbox 1241 2482 1282 2511">
    <p class='ocr_par' dir='ltr' id='par_1_22' title="bbox 1241 2482 1282 2511">
     <span class='ocr_line' id='line_1_46' title="bbox 1241 2482 1282 2511; baseline 0 -12"><span class='ocrx_word' id='word_1_218' title='bbox 1241 2482 1282 2511; x_wconf 70' lang='lat'>2*</span> 
     </span>
    </p>
   </div>
  </div>
 </body>
</html>
