1651 2621
737 142 995 178 —179—

209 237 238 269 5.
265 236 385 270 Divina
409 246 563 279 spargens
589 239 720 279 semina,
898 240 929 273 ’7.
954 240 1100 273 Eductus
1126 240 1202 274 fune
1227 240 1335 282 figitur

268 285 378 318 Hostis
405 285 592 326 dispergens
618 286 753 327 agmina,
958 288 1002 321 Et
1030 288 1077 320 sic
1101 298 1160 328 pro
1184 288 1309 321 Christo
1334 289 1477 325 moritur,

267 332 336 364 Tuo
362 331 461 365 fultus
488 333 622 377 eloquio,
956 335 1051 368 ‚Nunc
1077 338 1192 376 regnat
1215 337 1249 369 in
1275 336 1475 379 coelestibus,

266 380 389 422 Jesu‚
414 383 565 413 nostra
582 382 837 422 redemptio.
957 383 1163 416 Exsultet
1195 384 1357 416 coelum
1380 383 1525 416 laudi-

1296 431 1316 463 b
1326 441 1347 463 u
1356 440 1381 464 s.

210 485 241 517 6.
266 485 410 517 Tandem
433 485 549 526 ligatus
574 486 720 523 trahitur,
902 488 932 520 8.
960 486 1056 526 Cujus
1081 488 1216 520 sacratis
1239 489 1388 528 precibus

268 533 306 564 In
333 541 460 564 carcere
485 534 673 574 recluditur,
960 533 1081 575 Caecis,
1110 535 1241 577 claudis,
1268 536 1491 576 languentibus

268 580 467 621 Recepturus
492 584 568 621 post
591 581 725 613 verbera
960 581 1079 616 Confer
1102 583 1261 615 medelam
1285 584 1461 615 vulnerum.

267 628 837 662 AeternaGhristimunera.
958 630 1168 663 Conditor
1193 631 1300 662 alme
1324 631 1524 664 siderum.

551 687 582 719 9.
609 685 659 718 Sit
682 686 761 729 laus,
791 686 897 726 decus,
923 687 1076 728 potentia,

610 733 730 773 Virtus,
758 734 857 766 honor
882 737 913 766 et
938 732 1039 774 gloria

612 780 713 820 Patri,
742 784 818 813 nato
845 790 914 813 cum
938 780 1066 813 flamine

604 828 634 859 A
660 828 769 860 solis
795 831 915 860 ortus
943 829 1134 861 cardine.

285 892 371 919 Brev.
396 900 451 919 ms.
474 892 696 920 Novocomense
716 894 787 920 anni
809 890 891 920 1420.
933 892 1002 920 Coei.
1023 893 1111 921 Univ.
1132 894 1295 921 Bononien.
1319 894 1439 922 Mezzof.
1462 890 1528 921 339.

677 1021 739 1053 301.
768 1022 812 1053 De
832 1023 940 1054 sancto
961 1021 1072 1054 Marco.

772 1099 822 1129 Ad
841 1099 969 1129 Laudes.

211 1167 242 1201 1.
268 1169 392 1201 Haeres
418 1168 541 1200 aeterni
565 1168 705 1211 luminis,
898 1170 929 1202 3.
957 1170 1156 1209 Recepturus
1182 1170 1343 1202 aureolam

269 1215 391 1257 Marce,
418 1216 545 1248 virtutis
567 1216 740 1258 speculum,
957 1216 1150 1249 Conscendit
1172 1221 1247 1258 post
1272 1218 1454 1256 certamina,

269 1263 367 1303 Quem
395 1265 554 1304 degustas,
583 1263 761 1296 dulcedinis
962 1264 1087 1296 Laudat
1109 1265 1203 1296 tellus
1229 1265 1412 1306 agricolam,

269 1310 371 1343 Nobis
400 1312 539 1351 propina
562 1311 721 1351 poculum.
957 1311 1038 1344 Inde
1063 1315 1232 1351 reportans
1257 1313 1388 1345 semina.

210 1369 241 1400 2.
268 1368 331 1400 Hic
356 1370 405 1400 est
429 1367 570 1408 Marcus,
598 1368 652 1409 qui
676 1369 793 1400 meruit
898 1370 929 1401 4.
956 1368 1041 1400 Dum
1067 1378 1126 1409 pro
1151 1372 1193 1408 te,
1220 1368 1355 1410 Christe,
1382 1371 1527 1411 moritur,

265 1414 348 1447 Esse
372 1423 489 1455 praeco
512 1415 666 1459 justitiae,
959 1415 1067 1448 Vicem
1096 1425 1155 1455 pro
1180 1417 1251 1448 vice
1275 1417 1431 1460 reddidit,

270 1463 369 1502 Quem
393 1471 452 1495 rex
478 1463 624 1495 coelestis
649 1463 753 1495 induit
956 1462 1031 1496 Tibi
1061 1472 1156 1504 passo
1183 1465 1383 1509 compatitur,

268 1510 390 1543 Stolam
415 1511 565 1552 perennis
590 1511 720 1551 gloriae.
957 1510 1063 1543 Vitam
1088 1520 1147 1551 pro
1173 1520 1244 1543 sese
1267 1512 1406 1545 tradidit

579 1569 609 1602 5.
638 1566 688 1599 Sit
712 1568 780 1607 regi
804 1568 889 1600 trino
915 1567 1018 1607 gloria

634 1614 731 1653 Laus,
758 1616 866 1656 decus,
892 1615 1071 1654 imperium,

635 1662 694 1701 Qui
718 1662 864 1695 Marcum
890 1663 932 1695 ad
960 1663 1109 1695 coelestia

636 1710 794 1743 Perduxit
816 1713 892 1750 post,
914 1711 1115 1751 martyrium.

284 1778 370 1805 Brev.
391 1784 444 1803 ms.
458 1776 682 1804 Novocomense
702 1776 774 1803 anni
797 1773 879 1803 1420.
914 1775 983 1803 Cod.
997 1775 1087 1803 Univ.
1102 1776 1264 1804 Bononien.
1276 1776 1398 1805 Mezzof.
1413 1775 1477 1806 309.
1491 1792 1530 1797 —

209 1813 237 1850 1,
259 1812 277 1843 3
299 1816 467 1850 degustans.
488 1829 527 1834 —-
547 1811 574 1847 3,
595 1812 613 1841 2
632 1813 707 1841 fehlt
728 1815 795 1842 eine
814 1813 910 1849 silbe,
928 1817 998 1849 post
1016 1816 1145 1850 erg'anzt.

617 1934 685 1966 302.
718 1934 760 1965 De
782 1943 805 1966 s.
827 1934 929 1966 Marco
952 1934 988 1966 (le
1008 1934 1128 1966 Bivino.

742 2013 778 2042 In
799 2011 824 2042 1.
845 2012 995 2050 Vesperis.

207 2086 236 2119 1,
265 2086 304 2117 In
331 2084 411 2116 coeli
437 2083 592 2116 viridario
901 2083 931 2114 3.
957 2081 1066 2114 Arbor
1091 2085 1204 2115 ornata
1228 2081 1370 2124 floribus,

269 2132 408 2165 Novella
432 2132 546 2171 planta
565 2130 717 2174 nascitur,
959 2131 1059 2162 Poma
1084 2138 1197 2170 gerens
1221 2130 1256 2162 in
1278 2132 1436 2172 trunculo,

267 2181 355 2219 Quae
378 2189 500 2212 summo
528 2178 688 2211 desiderio
958 2177 1094 2216 Asylum
1119 2178 1305 2219 viatoribus,

267 2227 350 2260 Visu
377 2227 485 2261 divino
511 2225 642 2259 fruitur.
960 2225 1043 2264 Quos
1068 2225 1149 2264 tegit
1171 2225 1229 2257 sub
1254 2226 1451 2261 umbraculo.

206 2289 238 2320 2.
264 2286 371 2318 Fonte
393 2286 516 2325 rigatur
543 2285 668 2324 intimO,
899 2282 932 2316 4.
959 2282 1049 2314 Haec
1071 2282 1263 2314 medicinam
1286 2283 1421 2316 dederat

267 2333 391 2366 Crescit
415 2335 452 2365 ut
476 2333 574 2365 arbor
595 2332 721 2374 fertilis,
959 2331 997 2362 In
1022 2330 1133 2362 morbo
1157 2329 1388 2376 laborantibus,

268 2381 366 2422 Cujus
391 2380 500 2414 fructu
525 2380 709 2413 dulcissimo
959 2378 1060 2417 Quam
1083 2378 1226 2411 medicus
1251 2380 1299 2412 sic
1325 2381 1479 2414 conderet

266 2429 323 2462 Fit
347 2432 458 2468 gustus
486 2428 695 2461 delectabilis,
960 2425 1033 2458 Suis·
1062 2426 1198 2459 dandam
1224 2429 1431 2469 temporibus

1296 2482 1356 2511 12*
