1651 2621
689 122 730 127 —
783 100 851 136 184
899 118 942 124 -1

590 223 643 254 311.
677 222 718 253 De
738 231 762 253 s.
781 219 883 252 Maria
902 218 1033 251 salome.

686 298 734 327 Ad.
754 297 944 327 Nocturnum.

165 380 194 413 1.
219 380 305 423 Jesu,
332 380 471 413 salvator
494 380 628 412 omnium

220 427 266 459 Et
293 430 381 459 certa
404 435 476 467 spes
501 425 689 463 mortalium,

222 474 341 506 Nostra
362 474 510 513 pellendo
537 473 668 504 crimina

222 521 314 552 Nunc
337 522 462 561 suscipe
485 520 676 560 precamina.

164 579 195 609 2.
218 577 343 609 Mariae
365 586 508 616 namque,
533 576 644 608 Jacobi

221 624 264 655 Et
286 625 439 657 Johannis
465 624 601 664 apostoli

222 670 288 702 Nos
313 671 458 709 adjuvari
481 671 616 710 petimus

221 718 265 749 Et
286 718 443 750 sublevari
468 718 626 757 precibus

844 377 875 408 3.
900 375 1068 415 Unguento
1094 379 1218 412 quoque
1243 371 1374 411 optimo⁷

903 422 993 462 Quod
1022 420 1136 452 detulit
1158 420 1192 451 in
1219 418 1356 461 vasculo,

906 469 1038 507 Praebe‚
1066 475 1201 502 oramus,
1228 465 1375 504 Domine,

902 517 947 549 Ut
969 525 1026 548 nos
1051 515 1209 555 perungat
1233 512 1364 553 optime.

846 576 877 607 4.
905 574 951 607 Ut
975 573 1049 605 hinc
1073 573 1224 603 sanentur
1248 569 1393 611 vulnera,

904 621 990 660 Quae
1016 622 1126 651 contra
1150 621 1205 650 tua
1229 617 1339 649 munia

903 666 1027 701 inflixit
1051 666 1187 698 mundus
1212 664 1391 703 inaudiens,

908 715 1050 747 Virtutes
1076 715 1108 746 in
1134 722 1190 745 nos
1215 712 1386 754 perimens.

502 776 532 807 5.
561 774 705 812 Praesta,
732 775 825 813 pater
849 773 992 813 piissime

558 821 711 860 Patrique
736 829 865 860 compar
889 819 993 857 unice,

556 867 600 899 Ut
623 876 683 906 per
707 867 843 899 Mariam
871 866 1001 899 coelitus

554 913 731 956 Donentur,
759 923 839 954 quae
862 923 920 946 nos
944 914 1092 953 petimus

237 989 320 1014 Brev.
351 996 403 1014 ms.
429 986 459 1015 S·
488 988 645 1015 Trinitatis
674 989 707 1015 in
730 988 856 1024 Alpibus
888 988 958 1015 anni
985 985 1069 1015 1455.
1114 986 1185 1014 God.
1212 986 1353 1013 Laui-ent.
1379 986 1470 1013 Conv-

162 1033 225 1059 sup.
248 1022 311 1053 512.

585 1144 645 1176 312.
677 1144 720 1176 De
739 1153 763 1176 s.
785 1143 887 1176 Maria
908 1144 1038 1176 Salome.

704 1221 737 1250 In
758 1221 919 1251 Laudibus.

161 1300 191 1332 1.
219 1299 299 1340 Lm,
326 1308 407 1338 ecce,
434 1301 535 1340 surgit
556 1308 661 1339 aurea,

220 1346 335 1387 Maria,
363 1346 481 1378 Christi
505 1348 625 1388 nuntia,

221 1394 318 1433 Quam
343 1402 530 1426 veneramur
554 1394 659 1434 hodie,

220 1440 323 1472 Melos
349 1450 496 1473 canamus
521 1441 649 1480 gloriae.

164 1499 197 1529 2.
221 1497 283 1528 Est
304 1498 387 1528 enim
410 1498 469 1529 illa
495 1498 630 1539 domina,

221 1543 319 1582 Quam
343 1544 440 1583 stirps
467 1544 596 1575 decorat
619 1546 716 1585 regia,

224 1591 384 1623 Johannes
409 1593 483 1621 sunt
507 1593 539 1622 et
562 1591 711 1630 Jaconus,

219 1638 302 1676 Quos
328 1637 497 1669 advocavit
520 1637 683 1670 Dominus.

164 1696 194 1727 3.
222 1693 307 1731 Quae
330 1694 376 1724 sic
400 1702 469 1725 eum
493 1693 558 1724 suis
581 1692 655 1725 filiis

222 1741 328 1773 Sacris
358 1740 422 1779 egit
446 1740 598 1783 vestigiis,

221 1788 267 1821 Ut
291 1787 385 1819 rebus
410 1788 526 1827 spretis
552 1787 695 1820 omnibus

221 1834 379 1866 Haereret
399 1834 526 1867 Christo
550 1835 686 1874 penitus,

843 1302 874 1333 4.
902 1299 985 1331 Dum
1012 1300 1089 1332 haec
1113 1299 1238 1331 audivit
1259 1300 1430 1332 Dominum

901 1347 1069 1379 Dicentem
1094 1356 1184 1378 suum
1209 1347 1390 1388 transitum,

901 1395 964 1427 Pro
994 1394 1058 1426 suis
1083 1394 1183 1426 sacris
1209 1393 1283 1426 filiis

901 1441 1045 1482 Regnum
1072 1442 1208 1474 coeleste
1231 1442 1335 1480 petiit.

868 1522 875 1530 .
901 1498 945 1529 Hi
969 1500 1043 1530 sunt
1070 1498 1130 1529 duo
1156 1498 1294 1537 apostoli

902 1544 1002 1583 Quam
1026 1544 1095 1577 Deo
1121 1545 1328 1587 dilectissimi:

903 1592 975 1624 Jam
1001 1600 1085 1623 nunc
1108 1594 1252 1623 tenentes
1277 1592 1421 1634 gloriam,

902 1638 946 1670 Ut
972 1641 1074 1669 mater
1097 1640 1326 1678 postulaverat.

869 1718 875 1724 .
901 1694 1039 1726 Mariam
1065 1703 1138 1735 ergo
1164 1695 1287 1734 pariter

907 1742 1075 1773 Precemur
1099 1750 1208 1774 omnes
1230 1743 1359 1783 jugiter,

900 1788 946 1821 Ut
969 1788 1061 1820 nobis
1088 1789 1232 1822 Christus
1257 1791 1381 1823 veniam

899 1836 962 1868 Per
988 1844 1058 1868 eam
1075 1836 1139 1876 ,det
1164 1840 1196 1868 et
1220 1838 1363 1877 gloriam.

236 1909 322 1937 BreV.
347 1917 390 1937 ms
417 1909 445 1936 S.
470 1910 625 1937 Trinitatis
652 1911 684 1937 iu
710 1910 835 1946 Alpibus
863 1912 933 1938 anni
955 1908 1036 1938 1455.
1078 1910 1148 1938 Ood.
1168 1912 1359 1941 Laurentian.
1381 1913 1472 1942 Conv.

164 1956 227 1982 sup.
248 1945 312 1975 512.
333 1961 369 1966 —
388 1945 414 1980 2,
436 1945 453 1974 2
475 1947 568 1980 Quam
588 1948 686 1983 stirpit
706 1948 819 1976 decora.
839 1963 876 1968 -
897 1946 921 1982 6,
946 1947 960 1975 1
981 1948 1087 1976 Maria.

606 2066 665 2099 313.
695 2068 738 2100 De
760 2070 870 2100 sancta
890 2068 1024 2100 Martha.

653 2146 701 2175 Ad
724 2146 814 2184 Vesp.
839 2150 868 2175 et
887 2145 972 2176 Noct.

166 2220 194 2252 1.
222 2219 293 2252 Jam
317 2230 393 2254 suae
418 2223 561 2256 Christus
585 2225 731 2264 hospitae

222 2267 306 2299 Dule
329 2273 422 2308 parat
448 2271 633 2311 convivium,

222 2315 306 2346 Dum
330 2316 477 2350 Marthae
506 2318 585 2350 bene
608 2320 740 2352 meritae

227 2362 369 2395 coeleste
394 2363 518 2397 confert
541 2367 698 2406 gaudium.

845 2227 877 2259 2.
904 2224 1003 2263 Quam
1026 2224 1164 2257 ubertim
1184 2226 1331 2270 inebriat,

904 2271 955 2304 De
979 2281 1014 2303 se
1038 2273 1142 2313 pascit
1167 2276 1199 2304 et
1224 2275 1328 2315 satiat,

904 2319 967 2352 Pro
993 2320 1088 2352 choro
1116 2320 1381 2354 discumbentium

905 2366 1091 2400 Sanctorum
1118 2368 1196 2401 dans
1222 2371 1425 2404 consortium.
