1651 2621
683 108 917 144 ,νοῇ

580 202 642 235 109.
673 201 717 234 De
737 203 843 235 saneto
867 201 1021 234 Cassiano.

150 276 182 307 1.
207 274 260 306 Ad
285 273 411 305 laudem
436 274 548 306 summi
568 273 722 314 principis
828 275 859 306 4.
887 272 1005 312 Quibus
1032 270 1196 304 confestim
1221 266 1368 307 traditur,

206 321 366 362 Hymnum
393 330 540 353 canamus
564 320 684 360 militis,
886 320 939 353 Ad
966 320 1174 352 deridendum
1197 315 1346 354 trabitur,

210 368 267 408 Qui
293 368 429 400 Satanae
453 368 617 400 saevitiam
886 368 1012 408 Martyr
1034 366 1235 399 membratim
1259 361 1420 404 pungitur,

207 417 270 448 I'er
292 424 426 455 poenam
450 415 550 448 sensit
571 415 710 447 nimiam.
887 414 1020 455 Sanguis
1045 417 1188 447 sacratus
1214 411 1369 444 funditur.

150 474 182 505 2.
209 473 286 504 (lum
312 472 429 505 Christi
454 482 531 512 grex
557 472 730 512 divellitur,
829 474 858 504 5.
887 472 948 504 Pro
972 474 1054 505 bono
1078 471 1196 503 malum
1220 467 1377 505 redditur,

210 520 376 552 (assianus
401 520 594 561 aggreditur,
889 519 965 552 Cum
989 528 1024 551 se
1047 527 1128 558 puer
1152 516 1327 554 ulciscitur,

209 567 265 599 Vir
290 567 430 599 moribus
455 568 610 608 egregius,
886 567 1044 605 <Quantum
1068 567 1117 597 est
1139 567 1228 596 aetas
1254 561 1381 597 debilis,

208 614 317 646 Clarus
340 614 484 647 doctrina
505 615 641 655 penituS.
887 614 1023 646 Tantum
1045 612 1082 645 fit
1104 620 1207 652 poena
1229 608 1357 642 flebiliS.

151 674 182 705 3.
209 672 389 712 Interrogat
413 673 495 703 hunc
521 670 671 710 carnifex,
831 671 859 703 6.
886 670 942 709 Te,
970 669 1128 706 Cassiam,
1155 667 1326 707 plurimum

210 718 307 758 Cujus
331 719 418 750 modi
442 720 485 751 sit
508 718 642 759 artifex;
886 717 1055 759 Rogamus,
1081 723 1204 756 gemma
1228 715 1412 752 martyrum,

210 766 406 805 Responsum
433 768 489 804 est,
517 767 601 805 quod
625 775 740 805 pueros
888 764 934 796 Ut
958 764 1020 795 tuis
1044 763 1142 796 sacris
1167 762 1316 803 precibus

208 812 310 844 Docet
333 813 367 844 in
389 813 506 845 scholis
532 812 696 852 plurimos.
890 810 990 843 Nobis
1016 819 1181 843 succurras
1209 808 1350 841 coelituS.

516 870 546 901 7.
570 868 655 900 Laus
680 868 723 900 sit
746 867 872 908 parenti
896 867 1042 904 Domino,

569 915 654 948 Laus
679 916 721 947 sit
746 919 777 947 et
799 916 866 954 ejus
890 914 993 954 unico,

569 963 654 995 Laus
680 962 722 994 sit
746 962 909 994 amborum
934 959 1054 993 flamini

572 1011 635 1042 Per
659 1013 804 1049 tempora
828 1008 996 1041 laudabili.

227 1074 296 1102 Coit.
313 1073 496 1101 Vallieellan.
516 1074 547 1102 H
566 1072 612 1101 28.
643 1074 708 1101 Dies
730 1074 879 1101 Convolut
898 1072 1012 1100 enthtilt
1030 1072 1096 1098 eine
1109 1070 1259 1098 Abschrist
1278 1070 1329 1098 des
1350 1070 1459 1108 obigen

152 1113 285 1147 Hymnus
307 1120 358 1139 :ius
381 1112 445 1139 dem
467 1110 510 1138 17.
524 1111 732 1144 Jahrhundert,
752 1111 848 1138 wobei
868 1110 919 1137 das
942 1110 1017 1137 Lied
1038 1109 1081 1136 als
1103 1110 1151 1137 ein
1171 1108 1246 1136 altes
1266 1108 1327 1135 und
1344 1108 1388 1135 als
1403 1108 1460 1135 den

153 1150 358 1178 Chorbiichern
386 1152 571 1177 entnommvn
596 1149 767 1177 bezeichnet
792 1148 877 1181 wird,
908 1148 956 1175 die
980 1148 1025 1175 bis
1051 1155 1117 1173 zum
1137 1146 1229 1173 Jahre
1258 1143 1330 1173 1585
1357 1147 1389 1173 in
1409 1146 1460 1173 der

154 1187 325 1215 (Jaflwdrale
351 1196 410 1215 von
429 1187 523 1215 Imola
542 1188 574 1214 in
595 1186 748 1216 Gebraueh
768 1194 910 1224 gewesen.
946 1185 1003 1212 Am
1022 1185 1157 1221 gleichen
1178 1185 1231 1213 Ort
1251 1183 1379 1213 befindet
1397 1184 1462 1211 sich

152 1225 226 1253 auch
247 1227 295 1254 ein
314 1234 434 1254 neueros
455 1225 587 1253 Officium
608 1227 662 1252 mit
682 1224 744 1253 drei
764 1223 1015 1252 humanistischen
1034 1223 1182 1258 Hymnen.

597 1316 651 1348 110.
683 1316 726 1348 De
747 1317 854 1348 sancto
876 1315 1013 1347 Gataldo.

681 1393 730 1424 Ad
748 1394 938 1424 Nocturnum.

159 1465 188 1498 1.
217 1463 456 1503 Gongaudentes
482 1462 675 1495 celebremus
837 1465 868 1496 4.
895 1463 1011 1495 Patent
1035 1461 1156 1501 liquido
1182 1470 1241 1502 per
1265 1461 1375 1494 orbem

262 1510 344 1542 festa
367 1510 527 1550 specialia,
943 1510 1033 1541 tauta
1055 1508 1225 1548 mirabilia,

218 1558 437 1589 1’01·=olventes
462 1557 656 1597 redemptori
894 1556 940 1588 Et
964 1556 1113 1588 virtutem
1137 1558 1357 1595 protestantur

265 1605 388 1636 eantica
412 1605 543 1645 vocalia,
946 1605 992 1634 tot
1016 1603 1176 1635 hominum
1200 1604 1299 1643 milia,

219 1653 278 1691 Qui
301 1651 433 1684 Cataldo
457 1654 546 1683 tanta
572 1651 661 1683 dedit
895 1650 978 1692 Dum
1004 1650 1144 1682 restituit
1166 1650 1262 1683 saluti

265 1698 372 1731 facere
395 1699 562 1738 magnalia.
945 1706 1079 1738 corpora
1105 1697 1233 1731 debilia.

159 1760 190 1791 2.
216 1757 280 1788 Ilic
306 1756 378 1787 dum
403 1755 485 1787 vixit
508 1756 541 1786 in
565 1754 735 1796 praesenti,
840 1756 871 1787 5.
897 1754 976 1786 Esto
1000 1753 1092 1786 nobis
1117 1755 1229 1795 servis,
1254 1758 1348 1795 pater

268 1802 426 1836 Christum
451 1802 540 1842 sequi
564 1803 664 1835 voluit
943 1801 1054 1839 dulcis,
1082 1802 1262 1841 exorabilis,

219 1852 263 1883 Et
285 1850 428 1882 mandati
453 1850 501 1881 sui
527 1851 628 1890 legem
897 1848 944 1881 Ut
966 1847 1104 1880 feliciter
1127 1853 1257 1888 peracto

268 1898 435 1938 diligenter
461 1897 567 1938 coluit,
947 1904 1039 1928 cursu
1065 1897 1150 1928 vitae
1174 1897 1280 1930 labilis

220 1946 382 1986 Vigssuvit,
405 1945 571 1985 J'eJ'uuavit,
898 1943 1102 1975 Exsultemus
1131 1943 1166 1975 in
1191 1946 1297 1985 quiete

267 1994 372 2033 egenis
398 1992 568 2024 condoluit.
946 1991 1037 2031 regni
1064 1999 1189 2030 semper
1213 1993 1350 2026 stabilis.

162 2054 192 2085 3.
219 2051 279 2083 His
306 2053 336 2080 et
360 2049 431 2081 aliis
458 2049 573 2081 divinis
842 2050 873 2083 6.
900 2048 997 2086 Patri,
1024 2049 1098 2079 nato
1123 2046 1305 2089 flaminique

267 2097 392 2129 inhians
417 2097 565 2136 operibus
946 2097 1015 2128 laus
1040 2097 1071 2126 et
1093 2094 1251 2137 jubilatio,

222 2145 332 2177 Tantis
357 2143 473 2176 meruit
496 2153 516 2176 a
536 2143 604 2175 Deo
904 2142 1041 2181 Quorum
1066 2143 1202 2183 simplex
1227 2147 1275 2176 est
1300 2148 1333 2177 et
1348 2146 1468 2187 triplex

268 2191 402 2232 provehi
427 2191 618 2232 muneribus,
952 2193 1063 2222 sancta
1092 2190 1296 2234 collaudatio,

222 2241 268 2274 Ut
292 2240 426 2271 salutem
453 2239 506 2270 det
531 2238 665 2271 diversis
903 2237 965 2270 Suo
990 2246 1119 2269 munere
1142 2238 1298 2273 laetemur

268 2288 455 2327 languorum
480 2286 657 2326 generibus,
947 2286 981 2316 in
1006 2285 1085 2317 coeli
1109 2286 1238 2326 palatio.

238 2355 324 2381 Brev.
339 2351 652 2381 Gallicano-Siculum
671 2352 740 2387 imp.
753 2351 888 2380 Venetiis
911 2349 993 2379 1527.
1014 2365 1050 2371 -
1064 2351 1131 2379 Den
1145 2352 1281 2387 Hymnus
1301 2363 1353 2382 zur
1374 2358 1472 2384 ersten

164 2394 276 2429 Vesper
296 2391 354 2428 vgl.
376 2390 460 2418 Anal.
481 2389 561 2422 XIX,
585 2387 638 2417 105
660 2398 702 2426 sq.
