<?xml version="1.0" encoding="UTF-8"?>
<!DOCTYPE html PUBLIC "-//W3C//DTD XHTML 1.0 Transitional//EN"
    "http://www.w3.org/TR/xhtml1/DTD/xhtml1-transitional.dtd">
<html xmlns="http://www.w3.org/1999/xhtml" xml:lang="en" lang="en">
 <head>
  <title>
</title>
<meta http-equiv="Content-Type" content="text/html;charset=utf-8" />
  <meta name='ocr-system' content='tesseract 3.04.00' />
  <meta name='ocr-capabilities' content='ocr_page ocr_carea ocr_par ocr_line ocrx_word'/>
</head>
<body>
  <div class='ocr_page' id='page_1' title='image "./analectahymnica22drevuoft_00084.png"; bbox 0 0 1651 2621; ppageno 0'>
   <div class='ocr_carea' id='block_1_1' title="bbox 192 220 697 264">
    <p class='ocr_par' dir='ltr' id='par_1_1' title="bbox 192 220 697 264">
     <span class='ocr_line' id='line_1_1' title="bbox 192 220 697 264; baseline 0.006 -12"><span class='ocrx_word' id='word_1_1' title='bbox 192 220 225 253; x_wconf 84' lang='lat'>5.</span> <span class='ocrx_word' id='word_1_2' title='bbox 252 220 389 252; x_wconf 77' lang='lat' dir='ltr'>Sanctus</span> <span class='ocrx_word' id='word_1_3' title='bbox 412 222 530 253; x_wconf 77' lang='lat' dir='ltr'>Daniel</span> <span class='ocrx_word' id='word_1_4' title='bbox 553 226 697 264; x_wconf 81' lang='lat' dir='ltr'>vocatur,</span> 
     </span>
    </p>
   </div>
   <div class='ocr_carea' id='block_1_2' title="bbox 249 267 726 356">
    <p class='ocr_par' dir='ltr' id='par_1_2' title="bbox 249 267 726 356">
     <span class='ocr_line' id='line_1_2' title="bbox 298 267 725 310; baseline 0.005 -10"><span class='ocrx_word' id='word_1_5' title='bbox 298 267 350 307; x_wconf 85' lang='lat' dir='ltr'>qui</span> <span class='ocrx_word' id='word_1_6' title='bbox 376 270 568 307; x_wconf 80' lang='lat' dir='ltr'><strong>scripturam</strong></span> <span class='ocrx_word' id='word_1_7' title='bbox 593 270 725 310; x_wconf 86' lang='lat' dir='ltr'>indicat,</span> 
     </span>
     <span class='ocr_line' id='line_1_3' title="bbox 249 314 726 356; baseline 0.01 -12"><span class='ocrx_word' id='word_1_8' title='bbox 249 314 336 353; x_wconf 72' lang='lat' dir='ltr'>Quae</span> <span class='ocrx_word' id='word_1_9' title='bbox 361 324 381 345; x_wconf 80' lang='lat' dir='ltr'>a</span> <span class='ocrx_word' id='word_1_10' title='bbox 407 315 527 348; x_wconf 86' lang='lat' dir='ltr'>cunctis</span> <span class='ocrx_word' id='word_1_11' title='bbox 549 315 726 356; x_wconf 85' lang='lat' dir='ltr'>ignoratur,</span> 
     </span>
    </p>
   </div>
   <div class='ocr_carea' id='block_1_3' title="bbox 299 361 628 402">
    <p class='ocr_par' dir='ltr' id='par_1_3' title="bbox 299 361 628 402">
     <span class='ocr_line' id='line_1_4' title="bbox 299 361 628 402; baseline 0.006 -10"><span class='ocrx_word' id='word_1_12' title='bbox 299 361 360 392; x_wconf 87' lang='lat' dir='ltr'>Dei</span> <span class='ocrx_word' id='word_1_13' title='bbox 384 363 489 393; x_wconf 85' lang='lat' dir='ltr'>nitens</span> <span class='ocrx_word' id='word_1_14' title='bbox 515 363 628 402; x_wconf 80' lang='lat' dir='ltr'>gratia,</span> 
     </span>
    </p>
   </div>
   <div class='ocr_carea' id='block_1_4' title="bbox 246 407 728 450">
    <p class='ocr_par' dir='ltr' id='par_1_4' title="bbox 246 407 728 450">
     <span class='ocr_line' id='line_1_5' title="bbox 246 407 728 450; baseline 0.002 -10"><span class='ocrx_word' id='word_1_15' title='bbox 246 407 293 440; x_wconf 93' lang='lat' dir='ltr'>Ob</span> <span class='ocrx_word' id='word_1_16' title='bbox 319 408 380 439; x_wconf 91' lang='lat' dir='ltr'>hoc</span> <span class='ocrx_word' id='word_1_17' title='bbox 403 408 491 441; x_wconf 87' lang='lat' dir='ltr'>Deus</span> <span class='ocrx_word' id='word_1_18' title='bbox 518 409 728 450; x_wconf 80' lang='lat' dir='ltr'>collaudatur,</span> 
     </span>
    </p>
   </div>
   <div class='ocr_carea' id='block_1_5' title="bbox 292 454 681 496">
    <p class='ocr_par' dir='ltr' id='par_1_5' title="bbox 292 454 681 496">
     <span class='ocr_line' id='line_1_6' title="bbox 292 454 681 496; baseline 0.01 -11"><span class='ocrx_word' id='word_1_19' title='bbox 292 454 344 486; x_wconf 88' lang='lat' dir='ltr'>hic</span> <span class='ocrx_word' id='word_1_20' title='bbox 369 456 504 489; x_wconf 86' lang='lat' dir='ltr'>vestitur</span> <span class='ocrx_word' id='word_1_21' title='bbox 528 466 681 496; x_wconf 80' lang='lat' dir='ltr'>purpura.</span> 
     </span>
    </p>
   </div>
   <div class='ocr_carea' id='block_1_6' title="bbox 730 117 963 161">
    <p class='ocr_par' dir='ltr' id='par_1_6' title="bbox 730 117 963 161">
     <span class='ocr_line' id='line_1_7' title="bbox 730 117 963 161; baseline -0.017 -7"><span class='ocrx_word' id='word_1_22' title='bbox 730 117 963 161; x_wconf 47' lang='lat'>*31-</span> 
     </span>
    </p>
   </div>
   <div class='ocr_carea' id='block_1_7' title="bbox 879 216 1300 257">
    <p class='ocr_par' dir='ltr' id='par_1_7' title="bbox 879 216 1300 257">
     <span class='ocr_line' id='line_1_8' title="bbox 879 216 1300 257; baseline -0.021 -2"><span class='ocrx_word' id='word_1_23' title='bbox 879 223 911 255; x_wconf 84' lang='grc'>6,</span> <span class='ocrx_word' id='word_1_24' title='bbox 938 219 1115 253; x_wconf 81' lang='lat' dir='ltr'>Immortali</span> <span class='ocrx_word' id='word_1_25' title='bbox 1140 216 1208 257; x_wconf 80' lang='lat' dir='ltr'>regi</span> <span class='ocrx_word' id='word_1_26' title='bbox 1232 216 1300 247; x_wconf 80' lang='lat' dir='ltr'>Deo</span> 
     </span>
    </p>
   </div>
   <div class='ocr_carea' id='block_1_8' title="bbox 933 262 1369 493">
    <p class='ocr_par' dir='ltr' id='par_1_8' title="bbox 938 262 1369 350">
     <span class='ocr_line' id='line_1_9' title="bbox 982 262 1369 303; baseline -0.016 -5"><span class='ocrx_word' id='word_1_27' title='bbox 982 267 1060 303; x_wconf 85' lang='lat' dir='ltr'>laus,</span> <span class='ocrx_word' id='word_1_28' title='bbox 1088 266 1197 301; x_wconf 88' lang='lat' dir='ltr'>honor,</span> <span class='ocrx_word' id='word_1_29' title='bbox 1226 262 1369 302; x_wconf 80' lang='lat' dir='ltr'>victoria,</span> 
     </span>
     <span class='ocr_line' id='line_1_10' title="bbox 938 310 1362 350; baseline -0.014 -4"><span class='ocrx_word' id='word_1_30' title='bbox 938 313 1103 346; x_wconf 83' lang='lat' dir='ltr'>Danielem</span> <span class='ocrx_word' id='word_1_31' title='bbox 1129 311 1182 350; x_wconf 89' lang='lat' dir='ltr'>qui</span> <span class='ocrx_word' id='word_1_32' title='bbox 1208 310 1362 348; x_wconf 85' lang='lat' dir='ltr'>trophaeo</span> 
     </span>
    </p>

    <p class='ocr_par' dir='ltr' id='par_1_9' title="bbox 933 357 1350 439">
     <span class='ocr_line' id='line_1_11' title="bbox 980 357 1299 397; baseline -0.013 -5"><span class='ocrx_word' id='word_1_33' title='bbox 980 360 1107 392; x_wconf 77' lang='lat' dir='ltr'>ornavit</span> <span class='ocrx_word' id='word_1_34' title='bbox 1130 361 1163 389; x_wconf 81' lang='lat' dir='ltr'>et.</span> <span class='ocrx_word' id='word_1_35' title='bbox 1187 357 1299 397; x_wconf 84' lang='lat' dir='ltr'>gloria,</span> 
     </span>
     <span class='ocr_line' id='line_1_12' title="bbox 933 404 1350 439; baseline -0.01 0"><span class='ocrx_word' id='word_1_36' title='bbox 933 408 1040 439; x_wconf 86' lang='lat' dir='ltr'>Donet</span> <span class='ocrx_word' id='word_1_37' title='bbox 1063 406 1154 437; x_wconf 90' lang='lat' dir='ltr'>nobis</span> <span class='ocrx_word' id='word_1_38' title='bbox 1182 413 1274 437; x_wconf 86' lang='lat' dir='ltr'>verus</span> <span class='ocrx_word' id='word_1_39' title='bbox 1300 404 1350 435; x_wconf 91' lang='lat' dir='ltr'>leo</span> 
     </span>
    </p>

    <p class='ocr_par' dir='ltr' id='par_1_10' title="bbox 979 451 1326 493">
     <span class='ocr_line' id='line_1_13' title="bbox 979 451 1326 493; baseline -0.003 -8"><span class='ocrx_word' id='word_1_40' title='bbox 979 453 1175 493; x_wconf 84' lang='lat' dir='ltr'>sempiterna</span> <span class='ocrx_word' id='word_1_41' title='bbox 1199 451 1326 491; x_wconf 84' lang='lat' dir='ltr'>gaudia.</span> 
     </span>
    </p>
   </div>
   <div class='ocr_carea' id='block_1_9' title="bbox 260 514 1271 554">
    <p class='ocr_par' dir='ltr' id='par_1_11' title="bbox 260 514 1271 554">
     <span class='ocr_line' id='line_1_14' title="bbox 260 514 1271 554; baseline -0.004 -7"><span class='ocrx_word' id='word_1_42' title='bbox 260 519 342 547; x_wconf 89' lang='lat' dir='ltr'>Offie.</span> <span class='ocrx_word' id='word_1_43' title='bbox 364 530 417 550; x_wconf 87' lang='lat' dir='ltr'>ms.</span> <span class='ocrx_word' id='word_1_44' title='bbox 439 520 468 548; x_wconf 88' lang='lat' dir='ltr'>S.</span> <span class='ocrx_word' id='word_1_45' title='bbox 489 521 625 550; x_wconf 82' lang='lat' dir='ltr'>Danielis</span> <span class='ocrx_word' id='word_1_46' title='bbox 645 530 721 549; x_wconf 82' lang='lat' dir='ltr'>saec.</span> <span class='ocrx_word' id='word_1_47' title='bbox 746 518 789 549; x_wconf 88' lang='grc'>16.</span> <span class='ocrx_word' id='word_1_48' title='bbox 831 519 900 548; x_wconf 85' lang='lat' dir='ltr'>Cod.</span> <span class='ocrx_word' id='word_1_49' title='bbox 922 519 1017 554; x_wconf 83' lang='lat' dir='ltr'>Capit.</span> <span class='ocrx_word' id='word_1_50' title='bbox 1038 518 1184 545; x_wconf 87' lang='lat' dir='ltr'>Veronen.</span> <span class='ocrx_word' id='word_1_51' title='bbox 1205 514 1271 544; x_wconf 80' lang='lat'>337.</span> 
     </span>
    </p>
   </div>
   <div class='ocr_carea' id='block_1_10' title="bbox 627 637 1053 671">
    <p class='ocr_par' dir='ltr' id='par_1_12' title="bbox 627 637 1053 671">
     <span class='ocr_line' id='line_1_15' title="bbox 627 637 1053 671; baseline -0.007 0"><span class='ocrx_word' id='word_1_52' title='bbox 627 638 690 671; x_wconf 82' lang='lat'>130.</span> <span class='ocrx_word' id='word_1_53' title='bbox 720 638 764 670; x_wconf 79' lang='lat' dir='ltr'>De</span> <span class='ocrx_word' id='word_1_54' title='bbox 784 639 892 670; x_wconf 77' lang='lat' dir='ltr'>saneto</span> <span class='ocrx_word' id='word_1_55' title='bbox 911 637 1053 670; x_wconf 76' lang='lat' dir='ltr'>Daniele.</span> 
     </span>
    </p>
   </div>
   <div class='ocr_carea' id='block_1_11' title="bbox 180 784 689 969">
    <p class='ocr_par' dir='ltr' id='par_1_13' title="bbox 180 784 689 969">
     <span class='ocr_line' id='line_1_16' title="bbox 180 784 607 825; baseline -0.012 -4"><span class='ocrx_word' id='word_1_56' title='bbox 180 788 212 821; x_wconf 83' lang='lat'>1.</span> <span class='ocrx_word' id='word_1_57' title='bbox 238 786 324 825; x_wconf 79' lang='lat' dir='ltr'>Jesu,</span> <span class='ocrx_word' id='word_1_58' title='bbox 352 794 468 818; x_wconf 83' lang='lat' dir='ltr'>corona</span> <span class='ocrx_word' id='word_1_59' title='bbox 493 784 607 817; x_wconf 77' lang='lat' dir='ltr'>celsior</span> 
     </span>
     <span class='ocr_line' id='line_1_17' title="bbox 235 832 623 875; baseline -0.008 -8"><span class='ocrx_word' id='word_1_60' title='bbox 235 834 280 867; x_wconf 82' lang='lat' dir='ltr'>Et.</span> <span class='ocrx_word' id='word_1_61' title='bbox 305 834 422 866; x_wconf 82' lang='lat' dir='ltr'>veritas</span> <span class='ocrx_word' id='word_1_62' title='bbox 447 832 623 875; x_wconf 85' lang='lat' dir='ltr'>sublimior,</span> 
     </span>
     <span class='ocr_line' id='line_1_18' title="bbox 236 881 670 922; baseline -0.005 -8"><span class='ocrx_word' id='word_1_63' title='bbox 236 882 295 922; x_wconf 76' lang='lat' dir='ltr'>Qui</span> <span class='ocrx_word' id='word_1_64' title='bbox 321 881 486 914; x_wconf 78' lang='lat' dir='ltr'>Danielem</span> <span class='ocrx_word' id='word_1_65' title='bbox 516 881 670 921; x_wconf 87' lang='lat' dir='ltr'>optimum</span> 
     </span>
     <span class='ocr_line' id='line_1_19' title="bbox 236 927 689 969; baseline 0 -8"><span class='ocrx_word' id='word_1_66' title='bbox 236 928 317 961; x_wconf 79' lang='lat' dir='ltr'>Fers</span> <span class='ocrx_word' id='word_1_67' title='bbox 344 929 384 961; x_wconf 82' lang='lat' dir='ltr'>ad</span> <span class='ocrx_word' id='word_1_68' title='bbox 413 930 493 961; x_wconf 83' lang='lat' dir='ltr'>coeli</span> <span class='ocrx_word' id='word_1_69' title='bbox 517 927 689 969; x_wconf 71' lang='lat' dir='ltr'>fastigium.</span> 
     </span>
    </p>
   </div>
   <div class='ocr_carea' id='block_1_12' title="bbox 177 986 724 1170">
    <p class='ocr_par' dir='ltr' id='par_1_14' title="bbox 177 986 724 1170">
     <span class='ocr_line' id='line_1_20' title="bbox 177 986 634 1028; baseline -0.009 -7"><span class='ocrx_word' id='word_1_70' title='bbox 177 990 209 1021; x_wconf 86' lang='lat'>2.</span> <span class='ocrx_word' id='word_1_71' title='bbox 236 987 286 1020; x_wconf 81' lang='lat' dir='ltr'>Da</span> <span class='ocrx_word' id='word_1_72' title='bbox 309 986 506 1028; x_wconf 78' lang='lat' dir='ltr'>supplicanti</span> <span class='ocrx_word' id='word_1_73' title='bbox 530 987 634 1018; x_wconf 85' lang='lat' dir='ltr'>coetui</span> 
     </span>
     <span class='ocr_line' id='line_1_21' title="bbox 238 1034 617 1074; baseline -0.005 -7"><span class='ocrx_word' id='word_1_74' title='bbox 238 1035 377 1067; x_wconf 84' lang='lat' dir='ltr'>Obtentu</span> <span class='ocrx_word' id='word_1_75' title='bbox 403 1035 497 1074; x_wconf 85' lang='lat' dir='ltr'>hujus</span> <span class='ocrx_word' id='word_1_76' title='bbox 522 1034 617 1066; x_wconf 86' lang='lat' dir='ltr'>nitidi</span> 
     </span>
     <span class='ocr_line' id='line_1_22' title="bbox 234 1082 660 1115; baseline -0.005 0"><span class='ocrx_word' id='word_1_77' title='bbox 234 1083 467 1115; x_wconf 84' lang='lat' dir='ltr'>Remissionem</span> <span class='ocrx_word' id='word_1_78' title='bbox 494 1082 660 1113; x_wconf 82' lang='lat' dir='ltr'>criminum</span> 
     </span>
     <span class='ocr_line' id='line_1_23' title="bbox 236 1130 724 1170; baseline -0.002 -7"><span class='ocrx_word' id='word_1_79' title='bbox 236 1130 426 1170; x_wconf 81' lang='lat' dir='ltr'>Rumpendo</span> <span class='ocrx_word' id='word_1_80' title='bbox 451 1138 569 1162; x_wconf 67' lang='lat' dir='ltr'>nexum</span> <span class='ocrx_word' id='word_1_81' title='bbox 594 1130 724 1162; x_wconf 82' lang='lat' dir='ltr'>vinculi.</span> 
     </span>
    </p>
   </div>
   <div class='ocr_carea' id='block_1_13' title="bbox 175 1186 723 1573">
    <p class='ocr_par' dir='ltr' id='par_1_15' title="bbox 175 1186 679 1364">
     <span class='ocr_line' id='line_1_24' title="bbox 175 1186 679 1227; baseline -0.008 -6"><span class='ocrx_word' id='word_1_82' title='bbox 175 1190 207 1223; x_wconf 89' lang='lat'>3.</span> <span class='ocrx_word' id='word_1_83' title='bbox 234 1188 299 1220; x_wconf 82' lang='lat' dir='ltr'>Hic</span> <span class='ocrx_word' id='word_1_84' title='bbox 323 1196 406 1220; x_wconf 88' lang='lat' dir='ltr'>vana</span> <span class='ocrx_word' id='word_1_85' title='bbox 430 1189 537 1218; x_wconf 86' lang='lat' dir='ltr'>terrae</span> <span class='ocrx_word' id='word_1_86' title='bbox 561 1186 679 1227; x_wconf 80' lang='lat' dir='ltr'>gaudia</span> 
     </span>
     <span class='ocr_line' id='line_1_25' title="bbox 235 1234 629 1274; baseline -0.008 -6"><span class='ocrx_word' id='word_1_87' title='bbox 235 1236 279 1268; x_wconf 87' lang='lat' dir='ltr'>Et</span> <span class='ocrx_word' id='word_1_88' title='bbox 305 1235 469 1267; x_wconf 88' lang='lat' dir='ltr'>luculenta</span> <span class='ocrx_word' id='word_1_89' title='bbox 493 1234 629 1274; x_wconf 85' lang='lat' dir='ltr'>praedia</span> 
     </span>
     <span class='ocr_line' id='line_1_26' title="bbox 237 1282 672 1322; baseline -0.005 -7"><span class='ocrx_word' id='word_1_90' title='bbox 237 1284 366 1316; x_wconf 83' lang='lat' dir='ltr'>Polluta</span> <span class='ocrx_word' id='word_1_91' title='bbox 392 1282 488 1315; x_wconf 84' lang='lat' dir='ltr'>sorde</span> <span class='ocrx_word' id='word_1_92' title='bbox 516 1282 672 1322; x_wconf 85' lang='lat' dir='ltr'>deputans</span> 
     </span>
     <span class='ocr_line' id='line_1_27' title="bbox 236 1330 644 1364; baseline -0.007 0"><span class='ocrx_word' id='word_1_93' title='bbox 236 1332 342 1364; x_wconf 85' lang='lat' dir='ltr'>Ovans</span> <span class='ocrx_word' id='word_1_94' title='bbox 369 1333 457 1362; x_wconf 89' lang='lat' dir='ltr'>tenet</span> <span class='ocrx_word' id='word_1_95' title='bbox 484 1330 644 1361; x_wconf 86' lang='lat' dir='ltr'>eoelestia.</span> 
     </span>
    </p>

    <p class='ocr_par' dir='ltr' id='par_1_16' title="bbox 178 1387 723 1573">
     <span class='ocr_line' id='line_1_28' title="bbox 178 1387 723 1429; baseline -0.007 -7"><span class='ocrx_word' id='word_1_96' title='bbox 178 1392 209 1422; x_wconf 88' lang='lat'>4.</span> <span class='ocrx_word' id='word_1_97' title='bbox 238 1390 293 1429; x_wconf 89' lang='lat' dir='ltr'>Te,</span> <span class='ocrx_word' id='word_1_98' title='bbox 324 1388 461 1427; x_wconf 75' lang='lat' dir='ltr'>Christe,</span> <span class='ocrx_word' id='word_1_99' title='bbox 488 1396 546 1420; x_wconf 84' lang='lat' dir='ltr'>rex</span> <span class='ocrx_word' id='word_1_100' title='bbox 570 1387 723 1429; x_wconf 80' lang='lat' dir='ltr'>piissime,</span> 
     </span>
     <span class='ocr_line' id='line_1_29' title="bbox 236 1434 651 1476; baseline -0.007 -7"><span class='ocrx_word' id='word_1_101' title='bbox 236 1437 301 1469; x_wconf 77' lang='lat' dir='ltr'>Hic</span> <span class='ocrx_word' id='word_1_102' title='bbox 327 1434 510 1469; x_wconf 82' lang='lat' dir='ltr'>confitendo</span> <span class='ocrx_word' id='word_1_103' title='bbox 530 1435 651 1476; x_wconf 78' lang='lat' dir='ltr'>jugiter</span> 
     </span>
     <span class='ocr_line' id='line_1_30' title="bbox 238 1482 686 1517; baseline -0.009 0"><span class='ocrx_word' id='word_1_104' title='bbox 238 1485 384 1517; x_wconf 83' lang='lat' dir='ltr'>Galeavit</span> <span class='ocrx_word' id='word_1_105' title='bbox 407 1484 534 1516; x_wconf 81' lang='lat' dir='ltr'>hostem</span> <span class='ocrx_word' id='word_1_106' title='bbox 558 1482 686 1514; x_wconf 82' lang='lat' dir='ltr'>fortiter</span> 
     </span>
     <span class='ocr_line' id='line_1_31' title="bbox 234 1530 685 1573; baseline -0.007 -8"><span class='ocrx_word' id='word_1_107' title='bbox 234 1532 415 1573; x_wconf 86' lang='lat' dir='ltr'>Superbum</span> <span class='ocrx_word' id='word_1_108' title='bbox 441 1540 480 1562; x_wconf 87' lang='lat' dir='ltr'>ae</span> <span class='ocrx_word' id='word_1_109' title='bbox 504 1530 685 1563; x_wconf 82' lang='lat' dir='ltr'>satellitem.</span> 
     </span>
    </p>
   </div>
   <div class='ocr_carea' id='block_1_14' title="bbox 740 714 935 745">
    <p class='ocr_par' dir='ltr' id='par_1_17' title="bbox 740 714 935 745">
     <span class='ocr_line' id='line_1_32' title="bbox 740 714 935 745; baseline 0 -1"><span class='ocrx_word' id='word_1_110' title='bbox 740 714 787 745; x_wconf 76' lang='lat' dir='ltr'>Ad</span> <span class='ocrx_word' id='word_1_111' title='bbox 806 714 935 745; x_wconf 80' lang='lat' dir='ltr'>Laudes.</span> 
     </span>
    </p>
   </div>
   <div class='ocr_carea' id='block_1_15' title="bbox 868 784 1338 818">
    <p class='ocr_par' dir='ltr' id='par_1_18' title="bbox 868 784 1338 818">
     <span class='ocr_line' id='line_1_33' title="bbox 868 784 1338 818; baseline -0.002 0"><span class='ocrx_word' id='word_1_112' title='bbox 868 787 898 818; x_wconf 84' lang='lat'>5.</span> <span class='ocrx_word' id='word_1_113' title='bbox 929 785 1087 817; x_wconf 80' lang='lat' dir='ltr'>Virtutum</span> <span class='ocrx_word' id='word_1_114' title='bbox 1116 787 1191 818; x_wconf 82' lang='lat' dir='ltr'>actu</span> <span class='ocrx_word' id='word_1_115' title='bbox 1216 788 1249 817; x_wconf 78' lang='lat' dir='ltr'>et.</span> <span class='ocrx_word' id='word_1_116' title='bbox 1271 784 1338 817; x_wconf 83' lang='lat' dir='ltr'>fide</span> 
     </span>
    </p>
   </div>
   <div class='ocr_carea' id='block_1_16' title="bbox 926 832 1385 971">
    <p class='ocr_par' dir='ltr' id='par_1_19' title="bbox 926 832 1385 971">
     <span class='ocr_line' id='line_1_34' title="bbox 927 832 1283 866; baseline -0.006 0"><span class='ocrx_word' id='word_1_117' title='bbox 927 832 1143 866; x_wconf 84' lang='lat' dir='ltr'>Confessionis</span> <span class='ocrx_word' id='word_1_118' title='bbox 1169 834 1283 866; x_wconf 81' lang='lat' dir='ltr'>ordine</span> 
     </span>
     <span class='ocr_line' id='line_1_35' title="bbox 926 880 1385 922; baseline -0.002 -8"><span class='ocrx_word' id='word_1_119' title='bbox 926 883 1043 922; x_wconf 77' lang='lat' dir='ltr'>Jejuna</span> <span class='ocrx_word' id='word_1_120' title='bbox 1067 881 1211 914; x_wconf 81' lang='lat' dir='ltr'>membra</span> <span class='ocrx_word' id='word_1_121' title='bbox 1238 880 1385 914; x_wconf 86' lang='lat' dir='ltr'>deferens</span> 
     </span>
     <span class='ocr_line' id='line_1_36' title="bbox 926 929 1375 971; baseline 0 -10"><span class='ocrx_word' id='word_1_122' title='bbox 926 929 1036 971; x_wconf 82' lang='lat' dir='ltr'>Dapes</span> <span class='ocrx_word' id='word_1_123' title='bbox 1061 937 1217 970; x_wconf 83' lang='lat' dir='ltr'>supernas</span> <span class='ocrx_word' id='word_1_124' title='bbox 1243 929 1375 962; x_wconf 82' lang='lat' dir='ltr'>obtinet.</span> 
     </span>
    </p>
   </div>
   <div class='ocr_carea' id='block_1_17' title="bbox 892 987 1384 1020">
    <p class='ocr_par' dir='ltr' id='par_1_20' title="bbox 892 987 1384 1020">
     <span class='ocr_line' id='line_1_37' title="bbox 892 987 1384 1020; baseline -0.006 0"><span class='ocrx_word' id='word_1_125' title='bbox 892 1013 898 1020; x_wconf 92' lang='lat'>.</span> <span class='ocrx_word' id='word_1_126' title='bbox 927 987 1002 1019; x_wconf 75' lang='lat' dir='ltr'>Plus</span> <span class='ocrx_word' id='word_1_127' title='bbox 1028 987 1126 1019; x_wconf 83' lang='lat' dir='ltr'>currit</span> <span class='ocrx_word' id='word_1_128' title='bbox 1151 987 1184 1018; x_wconf 88' lang='lat' dir='ltr'>iu</span> <span class='ocrx_word' id='word_1_129' title='bbox 1211 987 1384 1018; x_wconf 74' lang='lat' dir='ltr'>certamine</span> 
     </span>
    </p>
   </div>
   <div class='ocr_carea' id='block_1_18' title="bbox 925 1033 1484 1170">
    <p class='ocr_par' dir='ltr' id='par_1_21' title="bbox 925 1033 1484 1170">
     <span class='ocr_line' id='line_1_38' title="bbox 927 1033 1368 1074; baseline -0.005 -7"><span class='ocrx_word' id='word_1_130' title='bbox 927 1034 1089 1074; x_wconf 78' lang='lat' dir='ltr'>Propheta</span> <span class='ocrx_word' id='word_1_131' title='bbox 1111 1035 1173 1066; x_wconf 87' lang='lat' dir='ltr'>iste</span> <span class='ocrx_word' id='word_1_132' title='bbox 1198 1033 1368 1071; x_wconf 71' lang='lat' dir='ltr'>sustinens,</span> 
     </span>
     <span class='ocr_line' id='line_1_39' title="bbox 927 1081 1484 1121; baseline 0.002 -8"><span class='ocrx_word' id='word_1_133' title='bbox 927 1083 1026 1121; x_wconf 80' lang='lat' dir='ltr'>Quam</span> <span class='ocrx_word' id='word_1_134' title='bbox 1051 1085 1174 1121; x_wconf 76' lang='lat' dir='ltr'>martyr</span> <span class='ocrx_word' id='word_1_135' title='bbox 1198 1081 1296 1114; x_wconf 86' lang='lat' dir='ltr'>ictum</span> <span class='ocrx_word' id='word_1_136' title='bbox 1322 1081 1484 1121; x_wconf 72' lang='lat' dir='ltr'>sufferens,</span> 
     </span>
     <span class='ocr_line' id='line_1_40' title="bbox 925 1128 1465 1170; baseline 0.002 -10"><span class='ocrx_word' id='word_1_137' title='bbox 925 1129 1081 1161; x_wconf 75' lang='lat' dir='ltr'>Macrone</span> <span class='ocrx_word' id='word_1_138' title='bbox 1106 1128 1244 1161; x_wconf 86' lang='lat' dir='ltr'>fundens</span> <span class='ocrx_word' id='word_1_139' title='bbox 1269 1130 1465 1170; x_wconf 81' lang='lat' dir='ltr'>sanguinem.</span> 
     </span>
    </p>
   </div>
   <div class='ocr_carea' id='block_1_19' title="bbox 892 1186 1314 1226">
    <p class='ocr_par' dir='ltr' id='par_1_22' title="bbox 892 1186 1314 1226">
     <span class='ocr_line' id='line_1_41' title="bbox 892 1186 1314 1226; baseline -0.002 -8"><span class='ocrx_word' id='word_1_140' title='bbox 892 1211 898 1218; x_wconf 95' lang='lat'>.</span> <span class='ocrx_word' id='word_1_141' title='bbox 927 1186 1068 1218; x_wconf 85' lang='lat' dir='ltr'>Proinde</span> <span class='ocrx_word' id='word_1_142' title='bbox 1093 1188 1134 1226; x_wconf 84' lang='lat' dir='ltr'>te,</span> <span class='ocrx_word' id='word_1_143' title='bbox 1161 1186 1314 1225; x_wconf 70' lang='lat' dir='ltr'>piisnme,</span> 
     </span>
    </p>
   </div>
   <div class='ocr_carea' id='block_1_20' title="bbox 927 1234 1432 1569">
    <p class='ocr_par' dir='ltr' id='par_1_23' title="bbox 927 1234 1432 1321">
     <span class='ocr_line' id='line_1_42' title="bbox 928 1234 1432 1274; baseline 0 -8"><span class='ocrx_word' id='word_1_144' title='bbox 928 1234 1101 1266; x_wconf 85' lang='lat' dir='ltr'>Precamur</span> <span class='ocrx_word' id='word_1_145' title='bbox 1126 1242 1234 1266; x_wconf 86' lang='lat' dir='ltr'>omnes</span> <span class='ocrx_word' id='word_1_146' title='bbox 1259 1234 1432 1274; x_wconf 85' lang='lat' dir='ltr'>supplices,</span> 
     </span>
     <span class='ocr_line' id='line_1_43' title="bbox 927 1281 1274 1321; baseline -0.003 -8"><span class='ocrx_word' id='word_1_147' title='bbox 927 1281 975 1314; x_wconf 75' lang='lat' dir='ltr'>Ut</span> <span class='ocrx_word' id='word_1_148' title='bbox 998 1281 1144 1313; x_wconf 78' lang='lat' dir='ltr'>Danielis</span> <span class='ocrx_word' id='word_1_149' title='bbox 1170 1282 1274 1321; x_wconf 74' lang='lat' dir='ltr'>gratia</span> 
     </span>
    </p>

    <p class='ocr_par' dir='ltr' id='par_1_24' title="bbox 928 1328 1344 1475">
     <span class='ocr_line' id='line_1_44' title="bbox 928 1328 1344 1362; baseline 0.002 -1"><span class='ocrx_word' id='word_1_150' title='bbox 928 1329 1029 1361; x_wconf 79' lang='lat' dir='ltr'>Nobis</span> <span class='ocrx_word' id='word_1_151' title='bbox 1057 1328 1199 1361; x_wconf 84' lang='lat' dir='ltr'>dimittas</span> <span class='ocrx_word' id='word_1_152' title='bbox 1227 1329 1344 1362; x_wconf 82' lang='lat' dir='ltr'>debita.</span> 
     </span>
     <span class='ocr_line' id='line_1_45' title="bbox 929 1385 1322 1429; baseline 0 -11"><span class='ocrx_word' id='word_1_153' title='bbox 929 1385 1040 1418; x_wconf 79' lang='lat' dir='ltr'>Gloria</span> <span class='ocrx_word' id='word_1_154' title='bbox 1065 1386 1149 1426; x_wconf 87' lang='lat' dir='ltr'>patri</span> <span class='ocrx_word' id='word_1_155' title='bbox 1176 1386 1322 1429; x_wconf 88' lang='lat' dir='ltr'>Domino,</span> 
     </span>
     <span class='ocr_line' id='line_1_46' title="bbox 929 1433 1227 1475; baseline -0.003 -9"><span class='ocrx_word' id='word_1_156' title='bbox 929 1433 1041 1466; x_wconf 79' lang='lat' dir='ltr'>Gloria</span> <span class='ocrx_word' id='word_1_157' title='bbox 1065 1435 1227 1475; x_wconf 79' lang='lat' dir='ltr'>unigenito</span> 
     </span>
    </p>

    <p class='ocr_par' dir='ltr' id='par_1_25' title="bbox 928 1482 1375 1569">
     <span class='ocr_line' id='line_1_47' title="bbox 928 1482 1375 1522; baseline -0.004 -8"><span class='ocrx_word' id='word_1_158' title='bbox 928 1482 1003 1515; x_wconf 81' lang='lat' dir='ltr'>Una</span> <span class='ocrx_word' id='word_1_159' title='bbox 1026 1490 1099 1514; x_wconf 85' lang='lat' dir='ltr'>cum</span> <span class='ocrx_word' id='word_1_160' title='bbox 1122 1484 1232 1513; x_wconf 81' lang='lat' dir='ltr'>sancto</span> <span class='ocrx_word' id='word_1_161' title='bbox 1258 1482 1375 1522; x_wconf 80' lang='lat' dir='ltr'>spiritu</span> 
     </span>
     <span class='ocr_line' id='line_1_48' title="bbox 928 1529 1350 1569; baseline 0.005 -8"><span class='ocrx_word' id='word_1_162' title='bbox 928 1530 966 1562; x_wconf 88' lang='lat' dir='ltr'>In</span> <span class='ocrx_word' id='word_1_163' title='bbox 992 1529 1189 1569; x_wconf 84' lang='lat' dir='ltr'>sempiterna</span> <span class='ocrx_word' id='word_1_164' title='bbox 1214 1530 1350 1563; x_wconf 81' lang='lat' dir='ltr'>saecula.</span> 
     </span>
    </p>
   </div>
   <div class='ocr_carea' id='block_1_21' title="bbox 254 1595 1269 1633">
    <p class='ocr_par' dir='ltr' id='par_1_26' title="bbox 254 1595 1269 1633">
     <span class='ocr_line' id='line_1_49' title="bbox 254 1595 1269 1633; baseline -0.003 -7"><span class='ocrx_word' id='word_1_165' title='bbox 254 1597 336 1626; x_wconf 79' lang='lat' dir='ltr'>offic.</span> <span class='ocrx_word' id='word_1_166' title='bbox 358 1606 411 1626; x_wconf 86' lang='lat' dir='ltr'>ms.</span> <span class='ocrx_word' id='word_1_167' title='bbox 433 1598 463 1626; x_wconf 87' lang='lat' dir='ltr'>S.</span> <span class='ocrx_word' id='word_1_168' title='bbox 484 1597 622 1626; x_wconf 81' lang='lat' dir='ltr'>Danielis</span> <span class='ocrx_word' id='word_1_169' title='bbox 644 1606 719 1626; x_wconf 84' lang='lat' dir='ltr'>saec.</span> <span class='ocrx_word' id='word_1_170' title='bbox 744 1595 787 1625; x_wconf 89' lang='grc'>16.</span> <span class='ocrx_word' id='word_1_171' title='bbox 829 1596 898 1625; x_wconf 84' lang='lat' dir='ltr'>Ood.</span> <span class='ocrx_word' id='word_1_172' title='bbox 922 1595 1016 1633; x_wconf 81' lang='lat' dir='ltr'>Capit.</span> <span class='ocrx_word' id='word_1_173' title='bbox 1038 1597 1184 1624; x_wconf 83' lang='lat' dir='ltr'>Veronen.</span> <span class='ocrx_word' id='word_1_174' title='bbox 1231 1595 1269 1624; x_wconf 68' lang='lat'>57.</span> 
     </span>
    </p>
   </div>
   <div class='ocr_carea' id='block_1_22' title="bbox 626 1717 1047 1750">
    <p class='ocr_par' dir='ltr' id='par_1_27' title="bbox 626 1717 1047 1750">
     <span class='ocr_line' id='line_1_50' title="bbox 626 1717 1047 1750; baseline 0 0"><span class='ocrx_word' id='word_1_175' title='bbox 626 1717 681 1750; x_wconf 89' lang='lat'>131.</span> <span class='ocrx_word' id='word_1_176' title='bbox 713 1718 757 1750; x_wconf 84' lang='lat' dir='ltr'>De</span> <span class='ocrx_word' id='word_1_177' title='bbox 777 1719 886 1750; x_wconf 81' lang='lat' dir='ltr'>sancto</span> <span class='ocrx_word' id='word_1_178' title='bbox 907 1717 1047 1750; x_wconf 76' lang='lat' dir='ltr'>Daniele.</span> 
     </span>
    </p>
   </div>
   <div class='ocr_carea' id='block_1_23' title="bbox 675 1796 994 1834">
    <p class='ocr_par' dir='ltr' id='par_1_28' title="bbox 675 1796 994 1834">
     <span class='ocr_line' id='line_1_51' title="bbox 675 1796 994 1834; baseline -0.003 -8"><span class='ocrx_word' id='word_1_179' title='bbox 675 1797 724 1826; x_wconf 87' lang='lat' dir='ltr'>Ad</span> <span class='ocrx_word' id='word_1_180' title='bbox 745 1797 834 1834; x_wconf 84' lang='lat' dir='ltr'>Vesp.</span> <span class='ocrx_word' id='word_1_181' title='bbox 860 1800 889 1826; x_wconf 88' lang='lat' dir='ltr'>et</span> <span class='ocrx_word' id='word_1_182' title='bbox 907 1796 994 1827; x_wconf 87' lang='lat' dir='ltr'>Noct.</span> 
     </span>
    </p>
   </div>
   <div class='ocr_carea' id='block_1_24' title="bbox 399 1866 1179 2002">
    <p class='ocr_par' dir='ltr' id='par_1_29' title="bbox 399 1866 1179 2002">
     <span class='ocr_line' id='line_1_52' title="bbox 399 1866 1020 1907; baseline -0.003 -8"><span class='ocrx_word' id='word_1_183' title='bbox 399 1868 429 1899; x_wconf 89' lang='lat'>1.</span> <span class='ocrx_word' id='word_1_184' title='bbox 457 1867 574 1899; x_wconf 83' lang='lat' dir='ltr'>Daniel</span> <span class='ocrx_word' id='word_1_185' title='bbox 598 1868 724 1907; x_wconf 84' lang='lat' dir='ltr'>martyr</span> <span class='ocrx_word' id='word_1_186' title='bbox 747 1867 874 1898; x_wconf 88' lang='lat' dir='ltr'>nemine</span> <span class='ocrx_word' id='word_1_187' title='bbox 898 1866 1020 1899; x_wconf 85' lang='lat' dir='ltr'>sciente</span> 
     </span>
     <span class='ocr_line' id='line_1_53' title="bbox 455 1913 996 1954; baseline -0.002 -8"><span class='ocrx_word' id='word_1_188' title='bbox 455 1914 581 1946; x_wconf 85' lang='lat' dir='ltr'>Tabula</span> <span class='ocrx_word' id='word_1_189' title='bbox 604 1914 684 1954; x_wconf 81' lang='lat' dir='ltr'>ligni</span> <span class='ocrx_word' id='word_1_190' title='bbox 709 1915 824 1953; x_wconf 82' lang='lat' dir='ltr'>supine</span> <span class='ocrx_word' id='word_1_191' title='bbox 851 1913 996 1952; x_wconf 76' lang='lat' dir='ltr'>cubabat,</span> 
     </span>
     <span class='ocr_line' id='line_1_54' title="bbox 453 1962 1179 2002; baseline -0.001 -8"><span class='ocrx_word' id='word_1_192' title='bbox 453 1962 660 2001; x_wconf 87' lang='lat' dir='ltr'>Marmorque</span> <span class='ocrx_word' id='word_1_193' title='bbox 683 1970 781 2002; x_wconf 85' lang='lat' dir='ltr'>super</span> <span class='ocrx_word' id='word_1_194' title='bbox 807 1970 921 2002; x_wconf 90' lang='lat' dir='ltr'>corpus</span> <span class='ocrx_word' id='word_1_195' title='bbox 948 1962 1179 2001; x_wconf 83' lang='lat' dir='ltr'>comprimebat</span> 
     </span>
    </p>
   </div>
   <div class='ocr_carea' id='block_1_25' title="bbox 504 2008 784 2043">
    <p class='ocr_par' dir='ltr' id='par_1_30' title="bbox 504 2008 784 2043">
     <span class='ocr_line' id='line_1_55' title="bbox 504 2008 784 2043; baseline 0.004 -1"><span class='ocrx_word' id='word_1_196' title='bbox 504 2008 602 2043; x_wconf 82' lang='lat' dir='ltr'>Clavo</span> <span class='ocrx_word' id='word_1_197' title='bbox 627 2012 784 2043; x_wconf 87' lang='lat' dir='ltr'>nectente.</span> 
     </span>
    </p>
   </div>
   <div class='ocr_carea' id='block_1_26' title="bbox 398 2066 1118 2205">
    <p class='ocr_par' dir='ltr' id='par_1_31' title="bbox 398 2066 1118 2205">
     <span class='ocr_line' id='line_1_56' title="bbox 398 2066 1118 2106; baseline -0.006 -4"><span class='ocrx_word' id='word_1_198' title='bbox 398 2071 429 2102; x_wconf 85' lang='lat'>2.</span> <span class='ocrx_word' id='word_1_199' title='bbox 458 2067 587 2100; x_wconf 85' lang='lat' dir='ltr'>Somnio</span> <span class='ocrx_word' id='word_1_200' title='bbox 615 2075 743 2098; x_wconf 85' lang='lat' dir='ltr'>caecum</span> <span class='ocrx_word' id='word_1_201' title='bbox 771 2067 877 2099; x_wconf 82' lang='lat' dir='ltr'>docuit</span> <span class='ocrx_word' id='word_1_202' title='bbox 903 2066 1118 2106; x_wconf 79' lang='lat' dir='ltr'>sepulchrum,</span> 
     </span>
     <span class='ocr_line' id='line_1_57' title="bbox 455 2114 1107 2157; baseline -0.005 -9"><span class='ocrx_word' id='word_1_203' title='bbox 455 2115 592 2148; x_wconf 81' lang='lat' dir='ltr'>Lumina</span> <span class='ocrx_word' id='word_1_204' title='bbox 615 2115 788 2157; x_wconf 83' lang='lat' dir='ltr'>spondens,</span> <span class='ocrx_word' id='word_1_205' title='bbox 814 2115 843 2146; x_wconf 85' lang='lat' dir='ltr'>si</span> <span class='ocrx_word' id='word_1_206' title='bbox 866 2114 901 2147; x_wconf 86' lang='lat' dir='ltr'>id</span> <span class='ocrx_word' id='word_1_207' title='bbox 926 2115 1025 2147; x_wconf 67' lang='lat' dir='ltr'>vellet</span> <span class='ocrx_word' id='word_1_208' title='bbox 1047 2116 1107 2155; x_wconf 88' lang='lat' dir='ltr'>ire,</span> 
     </span>
     <span class='ocr_line' id='line_1_58' title="bbox 454 2163 1016 2205; baseline -0.002 -9"><span class='ocrx_word' id='word_1_209' title='bbox 454 2164 558 2205; x_wconf 82' lang='lat' dir='ltr'>Seque</span> <span class='ocrx_word' id='word_1_210' title='bbox 585 2163 708 2195; x_wconf 82' lang='lat' dir='ltr'>detexit</span> <span class='ocrx_word' id='word_1_211' title='bbox 732 2163 911 2203; x_wconf 88' lang='lat' dir='ltr'>speciosum</span> <span class='ocrx_word' id='word_1_212' title='bbox 936 2163 1016 2195; x_wconf 87' lang='lat' dir='ltr'>mire</span> 
     </span>
    </p>
   </div>
   <div class='ocr_carea' id='block_1_27' title="bbox 502 2211 862 2251">
    <p class='ocr_par' dir='ltr' id='par_1_32' title="bbox 502 2211 862 2251">
     <span class='ocr_line' id='line_1_59' title="bbox 502 2211 862 2251; baseline -0.006 -7"><span class='ocrx_word' id='word_1_213' title='bbox 502 2212 658 2246; x_wconf 77' lang='lat' dir='ltr'>Juvenem</span> <span class='ocrx_word' id='word_1_214' title='bbox 684 2211 862 2251; x_wconf 84' lang='lat' dir='ltr'>pulchrum,</span> 
     </span>
    </p>
   </div>
   <div class='ocr_carea' id='block_1_28' title="bbox 398 2267 1197 2405">
    <p class='ocr_par' dir='ltr' id='par_1_33' title="bbox 398 2267 1197 2405">
     <span class='ocr_line' id='line_1_60' title="bbox 398 2267 1197 2308; baseline -0.004 -6"><span class='ocrx_word' id='word_1_215' title='bbox 398 2271 429 2303; x_wconf 84' lang='lat'>3,</span> <span class='ocrx_word' id='word_1_216' title='bbox 457 2269 534 2301; x_wconf 83' lang='lat' dir='ltr'>Post</span> <span class='ocrx_word' id='word_1_217' title='bbox 556 2268 624 2302; x_wconf 80' lang='lat' dir='ltr'>fide</span> <span class='ocrx_word' id='word_1_218' title='bbox 650 2277 762 2301; x_wconf 78' lang='lat' dir='ltr'>caecus</span> <span class='ocrx_word' id='word_1_219' title='bbox 788 2268 830 2301; x_wconf 85' lang='lat' dir='ltr'>ad</span> <span class='ocrx_word' id='word_1_220' title='bbox 856 2269 1061 2308; x_wconf 78' lang='lat' dir='ltr'>sepulchrum</span> <span class='ocrx_word' id='word_1_221' title='bbox 1088 2267 1197 2308; x_wconf 83' lang='lat' dir='ltr'>currit,</span> 
     </span>
     <span class='ocr_line' id='line_1_61' title="bbox 455 2316 1129 2357; baseline -0.001 -8"><span class='ocrx_word' id='word_1_222' title='bbox 455 2317 493 2349; x_wconf 87' lang='lat' dir='ltr'>In</span> <span class='ocrx_word' id='word_1_223' title='bbox 518 2317 637 2349; x_wconf 86' lang='lat' dir='ltr'>somnis</span> <span class='ocrx_word' id='word_1_224' title='bbox 662 2319 802 2357; x_wconf 83' lang='lat' dir='ltr'>martyr:</span> <span class='ocrx_word' id='word_1_225' title='bbox 831 2316 917 2349; x_wconf 88' lang='lat' dir='ltr'>Deus</span> <span class='ocrx_word' id='word_1_226' title='bbox 943 2316 1043 2356; x_wconf 84' lang='lat' dir='ltr'>gratia</span> <span class='ocrx_word' id='word_1_227' title='bbox 1071 2326 1129 2349; x_wconf 87' lang='lat' dir='ltr'>sua</span> 
     </span>
     <span class='ocr_line' id='line_1_62' title="bbox 456 2364 1108 2405; baseline 0.002 -9"><span class='ocrx_word' id='word_1_228' title='bbox 456 2364 624 2402; x_wconf 79' lang='lat' dir='ltr'>Reddidit,</span> <span class='ocrx_word' id='word_1_229' title='bbox 651 2364 764 2405; x_wconf 90' lang='lat' dir='ltr'>inquit,</span> <span class='ocrx_word' id='word_1_230' title='bbox 790 2373 875 2397; x_wconf 84' lang='lat' dir='ltr'>nuuc</span> <span class='ocrx_word' id='word_1_231' title='bbox 899 2364 1019 2397; x_wconf 86' lang='lat' dir='ltr'>lumina</span> <span class='ocrx_word' id='word_1_232' title='bbox 1042 2367 1108 2404; x_wconf 84' lang='lat' dir='ltr'>tua,</span> 
     </span>
    </p>
   </div>
   <div class='ocr_carea' id='block_1_29' title="bbox 504 2412 819 2452">
    <p class='ocr_par' dir='ltr' id='par_1_34' title="bbox 504 2412 819 2452">
     <span class='ocr_line' id='line_1_63' title="bbox 504 2412 819 2452; baseline 0.003 -9"><span class='ocrx_word' id='word_1_233' title='bbox 504 2412 537 2443; x_wconf 79' lang='lat' dir='ltr'>Is</span> <span class='ocrx_word' id='word_1_234' title='bbox 568 2413 679 2444; x_wconf 84' lang='lat' dir='ltr'>videns</span> <span class='ocrx_word' id='word_1_235' title='bbox 705 2413 819 2452; x_wconf 81' lang='lat' dir='ltr'>surgit.</span> 
     </span>
    </p>
   </div>
   <div class='ocr_carea' id='block_1_30' title="bbox 234 2469 577 2499">
    <p class='ocr_par' dir='ltr' id='par_1_35' title="bbox 234 2469 577 2499">
     <span class='ocr_line' id='line_1_64' title="bbox 234 2469 577 2499; baseline -0.009 -4"><span class='ocrx_word' id='word_1_236' title='bbox 234 2472 361 2499; x_wconf 80' lang='lat' dir='ltr'>Dreves,</span> <span class='ocrx_word' id='word_1_237' title='bbox 376 2469 466 2498; x_wconf 76' lang='lat' dir='ltr'>Hymni</span> <span class='ocrx_word' id='word_1_238' title='bbox 479 2469 577 2493; x_wconf 82' lang='lat' dir='ltr'>Inediti.</span> 
     </span>
    </p>
   </div>
  </div>
 </body>
</html>
