1651 2621
733 136 989 172 -211—

641 237 708 270 355.
741 239 786 270 De
805 239 912 271 saneto
932 239 1067 272 Nicolao.

764 306 812 336 Ad
830 306 959 337 Laudes.

200 374 233 408 1.
261 374 419 408 Sacerdos
445 376 565 409 Christi
586 376 707 417 inclite,

260 422 408 455 Almifice
432 423 576 464 Nimiae,

257 470 328 503 Tua
354 471 485 503 devotos
509 471 628 511 adjuva

257 518 360 552 Prece
384 521 551 558 poscentes
576 521 712 554 veniam.

200 576 231 609 2.
259 575 375 608 Obtine
398 576 501 618 nobis,
526 585 726 617 quaesumus,

257 622 480 655 Sinceritatem
504 625 655 656 mentium

258 670 514 711 Munditiamque
541 672 693 712 cordium,

258 718 323 750 Per
348 727 441 758 quam
463 727 626 751 cernamus
643 718 825 753 Dominum.

886 378 917 409 3.
945 377 992 410 Ut
1013 380 1118 409 tecum
1141 376 1253 409 laudes
1278 375 1436 416 perpetim

945 424 1071 456 Christo
1098 433 1245 456 canamus
1270 423 1399 463 affatim,

944 472 1022 503 Tuis
1045 472 1128 504 eruti
1151 472 1300 512 precibus

945 519 974 550 A
999 520 1109 559 poenis
1134 518 1353 551 infernalibus.

886 576 917 608 4.
943 576 1086 608 Praestet
1112 576 1171 608 hoc
1195 576 1286 608 nobis
1310 575 1476 616 Dominus,

945 624 1020 656 Pius
1045 625 1230 664 redemptor
1254 623 1401 662 omnium,

944 671 1004 711 Qui
1027 675 1141 711 regnat
1162 671 1282 710 absque
1305 670 1440 702 termino

946 719 1024 751 Cum
1047 723 1142 759 patre
1166 722 1199 750 et,
1220 718 1384 759 paraclito.

273 792 360 821 Brev.
381 802 434 821 ms.
449 793 589 821 Farfense
611 802 688 821 saec.
712 791 754 822 13.
791 794 860 822 Cod.
874 793 1059 822 Vallicellan.
1081 794 1104 822 C
1124 792 1168 822 93.
1190 808 1227 813 —-
1252 792 1275 827 1,
1300 791 1313 820 1
1335 792 1432 820 fehlen
1448 792 1513 820 drei

201 830 318 866 Silben3
339 831 441 859 inclite
462 833 588 867 erganzt.
608 846 647 851 —
672 830 695 867 1,
720 829 738 859 3
757 832 821 860 Tuo
842 832 973 860 devotos.
995 846 1032 852 —
1052 829 1077 866 2,
1101 831 1115 860 1
1138 832 1253 868 Optime
1272 832 1367 859 nfbis.
1387 846 1425 851 —
1447 828 1473 863 2,
1494 827 1512 857 2

196 867 381 897 Sinceritate.

650 980 716 1012 356.
745 981 790 1012 De
809 981 916 1012 sancto
936 980 1070 1012 Ricciac-

730 1049 779 1078 Ad
797 1048 988 1079 Nocturnum.

201 1118 233 1150 1.
262 1116 388 1150 Christo
415 1118 528 1149 laudes
554 1118 688 1149 eximiae

256 1164 384 1196 Dentur
404 1165 437 1196 in
463 1173 519 1196 suo
543 1165 654 1204 milite,

260 1212 320 1251 Qui
344 1212 406 1244 fuit
429 1213 631 1245 innocentiae

259 1259 335 1291 Dux
359 1263 393 1291 et
412 1262 524 1299 pastor
549 1261 713 1293 ecclesiae.

199 1318 231 1349 2.
257 1316 362 1356 Huius
385 1316 520 1357 insignis
543 1317 658 1349 merito

255 1364 356 1396 Navis
376 1366 444 1405 jam
466 1365 502 1397 in
525 1365 679 1404 periculo,

259 1412 337 1444 Cum
360 1415 445 1444 esset
467 1412 500 1444 in
526 1411 705 1453 naufragio,

255 1460 430 1491 Liberatur
453 1457 486 1491 in
510 1461 634 1500 pelago.

198 1519 229 1550 3.
257 1517 373 1551 Tribus
397 1517 460 1549 iste
484 1516 660 1558 virginibus

259 1564 353 1596 Victu
376 1574 508 1605 prorsus
534 1565 714 1597 carentibus

256 1612 373 1644 Tribus
400 1612 470 1644 auri
494 1612 690 1653 ponderibus

257 1660 391 1693 Ademit
415 1660 517 1700 stupri
546 1660 680 1693 facinus.

886 1119 918 1150 4.
945 1117 1061 1149 Tribus
1086 1116 1171 1149 idem
1194 1117 1373 1156 juvenibus,

945 1164 1028 1203 Quos
1053 1164 1139 1197 misit
1162 1173 1222 1205 pro
1246 1164 1428 1196 muneribus

946 1212 1062 1244 Consul
1087 1212 1196 1244 necari
1220 1210 1372 1255 perfidus,

945 1260 1084 1292 Currens
1106 1260 1254 1291 subvenit
1279 1260 1383 1291 citius.

888 1317 919 1350 5.
944 1316 1065 1349 Bonum
1093 1317 1215 1349 coelum
1239 1316 1407 1348 mirificum

947 1364 1008 1396 Per
1029 1364 1155 1396 Nicolai
1177 1364 1327 1397 meritum

944 1411 1045 1451 Fecit,
1074 1420 1143 1444 cum
1168 1411 1257 1444 auxit.
1280 1412 1430 1451 triticum⁷

946 1458 1059 1491 Nautis
1084 1459 1172 1499 prius
1199 1459 1383 1491 exhibitum.

887 1518 919 1550 6.
945 1515 993 1549 Sit
1018 1517 1155 1548 trinitati
1172 1516 1284 1558 gloria,

946 1563 1008 1596 Per
1032 1573 1125 1603 quam
1149 1563 1230 1596 fiunt,
1252 1564 1401 1604 prodigia

945 1611 984 1643 In
1009 1612 1128 1643 sanctis
1151 1611 1328 1644 laudabilia

944 1658 1009 1691 Per
1033 1659 1230 1691 saeculorum
1256 1659 1392 1694 saecula.

270 1735 356 1763 Brev.
382 1743 436 1762 ms.
464 1734 696 1763 Humiliatorum
722 1742 797 1763 saec.
827 1733 869 1763 15.
911 1734 981 1762 Cod.
1002 1735 1105 1763 Ambrc
1115 1735 1188 1762 sian.
1208 1735 1232 1762 Ι.
1264 1733 1317 1762 197
1346 1735 1399 1762 inf.
1420 1735 1455 1763 A.
1479 1750 1515 1754 —

198 1774 284 1801 Brev.
311 1781 365 1800 ms.
385 1773 616 1801 Humiliatorum
646 1781 721 1801 saec.
743 1771 787 1800 15.
831 1773 902 1802 Ood.
922 1773 1108 1801 Ambrosian.
1128 1773 1159 1801 H
1176 1770 1231 1800 267
1251 1774 1302 1800 inf.
1323 1773 1357 1800 B.
1378 1787 1415 1792 —
1434 1771 1468 1800 2.
1496 1771 1514 1802 3

197 1811 296 1839 fehlen
315 1812 388 1838 zwei
409 1810 511 1839 Silben
530 1811 597 1847 A133
619 1813 696 1839 esset:
715 1812 843 1847 erganzt.
863 1826 900 1830 —
920 1810 947 1844 5,
971 1810 985 1838 1
1005 1812 1119 1839 Bonum
1137 1819 1235 1839 cecum
1256 1811 1291 1844 A,
1311 1814 1407 1839 cetum
1426 1812 1459 1839 B.

643 1941 708 1973 357.
742 1941 786 1972 De
806 1942 916 1972 sancto
937 1939 1069 1972 Nicolao.

758 2008 807 2038 Ad
826 2009 955 2038 Laudes.

197 2082 229 2115 1.
255 2081 343 2114 Deus
369 2083 518 2120 respectu
542 2080 665 2121 gratiae

256 2130 323 2162 Nos
349 2128 561 2170 perlustravit
585 2128 690 2171 hodie,

255 2178 447 2217 Exemplum
472 2176 701 2209 sanctimoniae

255 2226 386 2258 Donans
411 2225 503 2258 nobis
528 2224 562 2256 in
586 2224 723 2256 homine.

196 2285 227 2318 2.
254 2284 358 2322 Hujus
383 2284 418 2315 in
442 2282 582 2323 pueritia

252 2331 329 2363 Fuit
354 2332 433 2363 haec
456 2330 659 2373 abstinentia,

254 2380 375 2420 Quarta
399 2382 432 2411 et
455 2383 548 2411 sexta
571 2377 655 2411 feria

255 2427 361 2460 Semel
385 2428 519 2468 sugebat
544 2427 651 2462 ubera.

887 2081 918 2113 3.
947 2078 1065 2111 Christi
1093 2079 1167 2120 vigil
1194 2079 1328 2111 excubia

945 2126 1060 2166 Myrae
1083 2126 1281 2167 pontificalia

946 2174 1094 2215 Suscepit
1117 2175 1150 2206 in
1177 2175 1285 2215 vigilia

941 2223 1029 2254 Voce
1053 2223 1182 2254 coelesti
1207 2224 1327 2256 nuntia.

885 2281 917 2314 4.
942 2280 1013 2313 Nec
1040 2283 1131 2311 vacat
1156 2289 1175 2312 a
1200 2281 1361 2324 mysterio,

943 2328 1035 2367 Quod
1059 2327 1138 2360 fecit,
1160 2328 1194 2360 in
1218 2329 1350 2371 Basilio,

944 2376 1041 2416 Cujus
1065 2375 1104 2408 fit
1126 2377 1286 2410 restitutio

942 2425 1133 2458 Parentibus
1158 2425 1192 2458 in
1215 2426 1363 2466 prandio.

1282 2482 1318 2512 14
1331 2481 1340 2495 '¹'
