1651 2621
739 109 973 147 „89-

648 203 711 237 143.
741 206 783 237 De
803 206 911 238 saneto
930 205 1060 237 Donato.

222 297 229 304 .
257 271 403 312 Laetare,
431 272 511 306 felix
538 274 667 319 Civitas,

259 319 373 354 Ditata
397 322 478 354 miro
504 331 645 363 munere,

256 366 418 401 Floreseit
441 378 481 401 ex
504 372 538 401 te
561 371 696 414 puritas,

255 414 342 448 Dum
367 417 552 450 sublimaris
577 417 700 452 funere.

225 498 232 506 .
256 472 432 506 Tantorum
457 477 585 514 patrum
610 475 707 507 hodie

257 520 378 554 Donati
403 525 497 561 atque
522 522 660 566 Romuli,

257 568 396 606 Quorum
421 569 534 602 laudes
562 570 725 613 ecclesiae,

262 616 376 649 Cuncti
402 617 558 648 extollant
581 617 703 657 populi.

225 698 231 704 .
259 673 283 705 O
310 674 361 705 vir
385 673 446 705 Dei
472 673 700 714 Hermogenes,

256 720 385 760 Martyr
410 723 529 761 sancte,
556 721 708 762 pretiose,

258 766 379 800 Summi
405 768 489 808 regis
514 773 643 808 sceptra
666 771 755 800 tenes

259 814 496 855 Congaudendo
521 816 669 856 gloriose.

224 897 231 904 .
256 872 296 905 111
323 872 453 905 coelesti
480 873 652 905 collocatus

256 918 392 953 Aeterni
417 920 478 952 Dei
503 920 594 960 solio,

256 967 393 1000 Nostros
419 968 472 999 hic
497 968 568 999 dele
592 971 700 1000 reatus

257 1015 387 1055 Nosque
411 1015 598 1048 commenda
621 1014 698 1049 fili0.

888 279 919 311 5.
945 275 1006 308 His
1032 275 1200 315 adjunctus
1226 276 1273 306 est
1298 273 1445 306 Silvanus

943 323 989 355 Et
1011 324 1171 356 Venustus
1195 322 1351 364 passione,

944 371 1012 403 Hos
1036 373 1165 402 truncat
1187 369 1388 402 Victorianus

945 418 1121 458 Superatus
1147 416 1182 449 in
1207 426 1317 458 agone.

911 503 919 509 .
945 476 1155 507 Pan-onerum
1177 475 1316 506 civitatis

945 523 1060 561 Hujus,
1085 524 1230 554 sacratae
1254 522 1406 562 sanguine

943 569 988 601 Et
1011 569 1182 602 mundatae
1208 569 1370 602 caecitatis

945 618 1186 650 Haeretieorum
1210 617 1339 658 semine,

910 700 918 708 .
943 674 1021 705 Dies
1048 682 1121 714 ergo
1146 674 1207 705 iste
1232 674 1334 705 laetus

945 721 1135 754 Venerando
1160 723 1352 760 veneretur;

945 769 1074 801 Laudes
1102 768 1188 801 <licat
1211 771 1321 800 noster
1347 771 1465 809 coetus,

944 816 992 849 Ut
1014 817 1176 848 laudando
1201 817 1340 848 societur

910 899 918 907 .
945 873 1013 905 Deo
1037 873 1125 913 patri
1147 873 1299 913 ingenito,

946 922 1103 960 Jungatur
1127 921 1196 952 sine
1220 922 1345 953 macula

946 967 1081 1008 Spiritui
1106 968 1262 1008 paraclito

946 1016 985 1047 In
1014 1016 1208 1055 sempiterna
1232 1017 1370 1048 saecula.

274 1081 360 1109 BreV.
381 1090 435 1108 ms.
457 1082 639 1109 Civitatense
659 1088 734 1109 saec.
759 1079 801 1108 14.
844 1080 911 1109 eod.
932 1081 1074 1109 Mareian.
1095 1082 1121 1109 L
1139 1081 1164 1108 Ι.
1184 1080 1230 1109 δ4,

631 1172 695 1204 144.
725 1172 761 1203 In
780 1173 883 1204 saneti
901 1172 1089 1205 Eleutherii.

443 1253 474 1288 1.
501 1252 587 1285 Aula
611 1253 757 1285 coelestis
782 1254 960 1292 gratuletur
985 1253 1080 1293 regis,

499 1301 598 1334 Totus
623 1300 657 1331 in
682 1300 793 1332 laudes
817 1301 1011 1333 modulando
1038 1300 1149 1332 favens

498 1347 638 1380 Mundus
663 1348 697 1379 in
721 1348 782 1379 isto
809 1351 936 1380 resonet
959 1357 1044 1379 nune
1068 1347 1194 1380 Christo

549 1395 633 1427 Voce
656 1404 782 1428 sonora.

439 1455 471 1486 2.
497 1452 593 1490 Ecce,
619 1452 768 1491 preclara
791 1461 865 1484 nam
892 1452 959 1485 dies
986 1455 1140 1490 coruscat,

498 1500 627 1540 Martyr
650 1500 820 1531 immensus
847 1508 909 1539 qua
929 1500 1135 1532 Eleutherius

497 1547 607 1580 Morte
633 1547 760 1579 devicta
785 1547 926 1588 eorporis
950 1556 1090 1589 superna

544 1595 629 1627 Sede
652 1595 787 1628 locatur.

439 1653 471 1685 3.
499 1651 581 1686 Caro
608 1651 743 1684 diversis
769 1652 942 1691 deputatur
966 1653 1078 1692 poenis

497 1699 593 1741 Regis
618 1699 765 1732 immensi
791 1699 911 1740 militis,
937 1701 997 1732 sed
1022 1700 1101 1732 clari

496 1748 581 1781 Fixa
609 1756 697 1780 mens
723 1748 810 1780 coelo
835 1748 956 1779 inimici
981 1748 1044 1779 telo

547 1795 670 1828 Cedere
697 1796 809 1829 nescit.

440 1856 471 1886 4.
498 1854 577 1892 Igne
601 1860 771 1884 succensus
795 1855 1010 1893 praeparatur
1033 1852 1144 1891 lectus,

497 1900 580 1933 Inde
604 1900 747 1932 sublatos
772 1901 924 1939 martyris
948 1900 1077 1932 illaesos

500 1947 606 1982 Gratis
629 1947 731 1987 ignita
756 1948 826 1979 oleo
851 1950 1007 1987 peruncta

547 1994 689 2035 Suscipit
713 1997 811 2029 artus.

441 2057 473 2090 5,
500 2054 576 2086 Pice
600 2052 652 2085 vel
677 2061 773 2085 saevo
799 2053 868 2084 oleo
894 2056 1021 2093 sartago

498 2102 599 2135 Plena
621 2101 770 2143 minatur,
804 2109 865 2133 nee
888 2101 980 2133 miles
1004 2102 1156 2142 terretur,

497 2152 576 2183 Post
599 2149 678 2181 haec
700 2149 872 2181 immensus
898 2148 1023 2189 ignibus
1048 2156 1218 2180 succensus

546 2198 698 2231 Clibanus
724 2197 842 2230 adstat.

439 2258 471 2290 6.
497 2256 601 2288 Missa
627 2255 668 2288 de
693 2254 780 2287 coelo
804 2255 907 2287 virtus
932 2254 990 2286 sed
1017 2254 1141 2287 excelso

498 2304 588 2336 Tunc
611 2303 749 2335 Adriani
780 2303 939 2336 clibanum
965 2301 1095 2342 tyranni

495 2353 603 2392 Atque
630 2351 737 2384 divino
762 2350 908 2390 perfudit
932 2350 972 2382 ab
997 2350 1061 2381 imo

547 2400 634 2432 Rore
654 2398 802 2431 lebetem.
