1651 2621
716 100 950 137 -90--

416 200 447 232 7.
473 199 571 231 Retro
595 197 701 239 ligatis
723 198 866 231 manibus
891 198 1050 240 quadrigis

473 246 704 279 Indomitorum
727 246 866 278 trahitur
890 255 1049 287 equorum,

472 294 558 325 Ante
584 293 633 324 oui
659 301 784 325 currum
806 293 948 327 tribuens
975 294 1122 327 ducatum

521 340 662 380 Angelus
688 344 801 372 exstat.

417 396 448 431 8.
473 395 560 429 Hine
585 396 706 428 eunetis
734 397 845 428 duetus
870 397 994 429 theatro
1019 397 1056 430 fit
1078 398 1184 441 Indue,

473 444 577 476 Datur
604 443 722 484 jejunis
749 444 947 477 devorandus
972 443 1059 487 feris,

474 490 563 523 Mitis
588 494 620 523 at
645 489 715 523 fera
738 491 837 531 pedes
864 493 929 531 ejus
954 490 1040 524 faeta

519 537 674 570 Lambere
700 539 814 579 eoepit.

416 597 447 629 9.
472 594 567 627 Miles
594 595 710 627 excelsi
736 595 819 637 regis
845 598 878 627 et
902 597 1032 635 aeterni,

471 643 551 685 Age,
576 652 634 682 pro
657 642 747 674 nobis
770 644 843 674 ante
869 644 951 675 diem
975 643 1086 675 mortis

471 690 575 729 Hujus
601 698 727 722 amarae
749 690 928 734 Dominum,
954 691 1130 730 praeclare,

521 737 723 776 QuaesumuS,
750 746 815 769 ora.

405 795 459 828 10.
473 793 576 833 Hujus
604 797 640 825 ut
663 794 752 835 ignes
777 794 887 825 mundi
912 794 963 825 vel
987 794 1105 832 leones,

472 840 524 873 Ne
548 840 795 879 succumbamus,
822 840 950 872 vincere
973 849 1122 880 queamus

470 890 577 927 Atque
600 896 737 928 superno
762 895 939 919 mereamur
963 896 1059 927 regno

518 935 635 967 Vivere
658 937 772 968 tecum.

401 992 456 1024 11.
470 992 563 1023 Doxa
587 991 735 1030 perennis
760 999 880 1022 summo
906 991 949 1022 sit
971 991 1108 1031 parenti,

472 1038 577 1071 Patris
602 1046 640 1069 ae
663 1040 737 1068 nato
759 1037 861 1077 gloria
884 1038 927 1068 sit
950 1046 1080 1079 summo,

469 1085 555 1117 Laus
580 1085 743 1123 utriusque
766 1085 928 1123 pneumati
953 1084 996 1114 sit
1023 1091 1149 1124 semper

516 1130 612 1163 Nune
634 1133 667 1162 et
687 1131 722 1161 in
746 1139 867 1163 aevum.

249 1207 334 1235 Brev.
354 1215 407 1234 ms.
429 1206 458 1234 S.
479 1205 607 1242 Sophiae
627 1205 822 1232 Beneventan.
844 1213 920 1232 saec.
942 1202 986 1232 11.
1026 1204 1096 1232 Cod.
1117 1204 1252 1232 Vatican,
1271 1201 1357 1231 4928.

516 1344 577 1375 145.
605 1344 641 1375 In
662 1342 882 1375 Translatione
903 1353 926 1374 s.
946 1342 1132 1376 Elentllerii.

412 1434 443 1466 1.
471 1433 593 1474 Grande,
618 1433 760 1472 Trojana
785 1432 896 1465 civitas
923 1434 1049 1473 deeora,

471 1482 570 1520 Quam
594 1481 657 1512 tuis
681 1480 800 1511 sanetis
824 1480 1030 1519 praeparavit
1054 1481 1159 1512 aulam

471 1528 607 1559 Nuntius
633 1527 697 1559 alto
723 1528 850 1559 veniens
875 1528 1020 1569 Olympo,

518 1574 593 1606 Tibi
617 1582 808 1606 concessam.

414 1634 445 1666 2.
472 1631 618 1664 Gaudeat
640 1630 716 1662 inde
740 1630 913 1662 ecclesialis
940 1630 1059 1672 domus,

470 1680 537 1718 Qua
559 1677 709 1709 tumulari
730 1677 831 1709 saneti
855 1678 1088 1718 praelegeram,

468 1727 517 1760 Ut
538 1734 630 1757 saera
648 1725 792 1757 membra
815 1725 1026 1756 conderentur
1051 1734 1110 1756 sua

518 1772 587 1804 Deo
614 1773 758 1806 ducente.

413 1832 444 1864 3.
472 1829 619 1862 Gaudeat
643 1829 746 1861 clerus
770 1829 969 1870 populusque
993 1830 1065 1860 tuus

470 1878 574 1909 Tanto
600 1876 729 1908 coelesti
750 1877 893 1916 praemio
916 1878 1106 1920 sanctorum,

473 1925 555 1964 Quos
580 1924 640 1956 tibi
664 1924 759 1965 misit,
786 1924 838 1964 qui
863 1928 896 1956 te
921 1923 1113 1961 sublimavit,

517 1972 593 2003 Alto
619 1972 764 2012 Olympo.

412 2031 444 2062 4.
472 2028 639 2061 Gaudeant
665 2036 700 2059 eo
727 2028 886 2060 diocesani
911 2036 1027 2070 omnes,

474 2075 563 2115 Quod
588 2075 689 2107 sancti
714 2075 775 2107 Dei
799 2078 982 2107 meruerunt
1005 2075 1090 2119 inde,

473 2123 540 2157 Ubi
564 2127 744 2155 sanctorum
770 2131 903 2162 corpora
928 2123 1114 2160 conduntur,

519 2170 660 2210 Carpere
682 2179 784 2205 saera.

416 2230 447 2261 5.
475 2228 621 2261 Gaudeat
646 2228 738 2266 hujus
764 2227 900 2259 civitatis
925 2227 1063 2270 praesul,

474 2275 533 2316 Qui
557 2276 622 2307 suis
647 2283 739 2307 saera
763 2274 877 2307 meruit
901 2276 1032 2314 portare

474 2323 624 2356 Humeris
647 2323 791 2354 membra
815 2330 981 2363 corporum
1005 2324 1185 2354 sanctorum

523 2371 601 2403 Cum
626 2370 800 2403 Bibinensi.
