1653 2622
679 76 936 111 —232-—

525 176 555 208 5.
583 173 691 206 Gloria
712 172 781 212 tibi,
806 172 951 211 Domine,

580 221 705 253 Summe
730 222 853 251 creator
877 219 1024 258 omnium,

581 268 638 307 Qui
663 268 760 301 solvis
784 266 888 299 vincla
913 266 1088 305 criminum,

581 315 669 348 Unus
695 324 762 346 cum
788 315 895 346 sancto
919 312 1056 348 flamine,

238 409 323 437 BreV.
349 417 401 437 ms.
422 409 578 445 Trojanum
607 418 681 437 saec.
703 407 745 437 15.
787 408 855 436 Cod.
874 408 1060 444 Neapolitan.
1080 408 1124 436 VI
1141 408 1168 435 E
1191 405 1235 435 16.
1248 420 1285 426 —-
1304 405 1337 442 4,
1365 405 1385 434 4
1403 406 1462 435 Pro

166 447 251 475 nobis
270 449 373 475 saneti·
392 463 430 468 —
450 446 476 483 5,
498 446 516 475 2
535 448 674 483 Supremo
694 449 817 482 creat0r;
840 447 894 474 lies
916 445 1056 482 Suprema
1074 444 1191 474 rector?

568 576 634 607 393.
663 575 706 606 De
726 575 832 606 saneto
845 574 1048 606 Prosaoeimo.

699 651 745 680 Ad
766 651 918 689 Vesper-as.

167 729 196 761 1.
223 728 294 760 Lux
319 732 350 760 et
375 729 469 761 decus
494 730 652 772 ecclesiae,
836 732 867 763 4.
895 730 1070 761 instructus
1091 730 1221 769 jamque
1244 731 1396 768 properat

226 774 373 808 Servatur
395 776 602 814 innocentiae,
893 776 999 809 Urbes
1023 780 1055 808 et
1076 778 1181 808 terras
1205 779 1346 816 superat,

223 822 261 854 In
286 822 453 854 sanctitate
475 823 637 864 praeditus
893 823 1004 855 Donec
1028 823 1156 863 attingit
1180 823 1332 863 Paduam,

224 867 391 901 confessor
415 872 462 901 est
487 870 715 903 Prosdocimus.
894 871 948 903 Ad
975 871 1062 909 cujus
1087 873 1180 902 sanat
1201 872 1331 910 ⁸januam

169 936 199 967 2.
226 934 284 972 Qui
307 938 399 966 natus
424 938 471 966 est
493 936 524 967 in
552 935 685 968 Graecia
837 940 868 970 5.
893 937 1015 976 Aegros
1042 940 1073 968 et
1096 937 1214 968 morbis
1238 936 1415 979 languidos,

220 981 383 1014 Pernobili
407 983 564 1022 prosapia,
894 985 1021 1025 Caenos,
1048 984 1161 1015 surdos
1185 987 1217 1015 et
1241 984 1360 1024 aridos,

221 1027 283 1059 Dei
307 1029 446 1067 repletus
471 1029 573 1068 gratia
891 1030 1075 1062 Frementes
1102 1034 1134 1061 et
1156 1031 1312 1063 lunaticos

220 1074 384 1106 Mundana
408 1076 535 1106 vincens
559 1077 682 1115 gaudia.
891 1077 935 1108 Et
960 1082 1049 1109 curat.
1072 1078 1277 1117 paralyticos.

163 1141 194 1172 3.
218 1140 313 1172 Hune
335 1139 430 1172 fidem
456 1140 548 1172 <locet
572 1141 717 1184 claviger,
836 1144 867 1176 6.
894 1142 941 1174 Sit
966 1143 1035 1175 lans
1059 1144 1306 1183 omnipotentiae

221 1184 275 1217 Fit
298 1186 373 1218 inde
398 1186 489 1219 fortis
514 1187 649 1227 armiger
892 1189 1038 1230 Namque
1063 1192 1158 1223 decus
1183 1191 1312 1231 gloriae,

228 1231 344 1264 Contra
366 1234 518 1275 malignos
543 1235 681 1277 spirituS,
894 1236 942 1268 Sit,
965 1237 1064 1269 honor
1088 1241 1197 1270 sancto
1221 1236 1343 1270 flamini

226 1278 284 1317 Qui
307 1280 391 1312 vitae
414 1284 529 1320 negant
554 1281 668 1313 aditus.
893 1283 1073 1323 Nostroque
1097 1286 1181 1317 salus
1206 1286 1332 1325 agmini.

234 1371 320 1399 Brev.
349 1380 398 1399 ms.
425 1373 452 1401 S.
480 1373 614 1401 ,Justinae
641 1382 714 1402 saec.
743 1373 785 1402 15.
829 1375 896 1404 Cod.
922 1377 1008 1405 Univ.
1035 1377 1137 1405 Patav.
1163 1376 1227 1406 704.
1254 1379 1289 1406 A.
1309 1394 1347 1398 —-
1366 1380 1454 1417 Prop.

159 1418 212 1437 ms.
227 1409 256 1437 S.
270 1409 403 1437 Justinae
423 1419 498 1437 saee.
520 1408 583 1438 ¹⁵1'1t,
614 1410 682 1439 eod.
697 1413 784 1441 Univ.
798 1413 899 1441 Patav.
919 1412 983 1442 702.
997 1416 1029 1442 B.
1051 1431 1087 1435 —
1100 1416 1185 1444 Brev.
1205 1425 1259 1444 ms.
1274 1417 1303 1444 S.
1319 1417 1457 1446 ,Iustinae

160 1455 235 1474 saec.
259 1445 301 1473 15.
337 1446 396 1475 Cod
415 1447 502 1475 Univ.
521 1447 623 1475 Patav.
646 1448 710 1477 441.
733 1449 762 1476 C.
782 1466 820 1470 -—-
840 1452 921 1479 Brev.
944 1462 994 1480 ms.
1010 1452 1038 1479 S.
1053 1453 1187 1481 Justinae
1208 1462 1283 1482 saec.
1306 1453 1349 1483 15.
1385 1455 1454 1484 Cod.

158 1484 247 1512 Univ.
260 1484 363 1511 Patav.
386 1483 466 1513 1290.
480 1485 517 1512 D.
540 1500 561 1503 —
605 1486 705 1521 Propr.
725 1496 777 1515 ms.
788 1488 963 1518 Patavinum
983 1499 1056 1518 :aee
1078 1489 1122 1519 16.
1157 1491 1225 1519 Ood.
1240 1492 1336 1528 Capit.
1350 1494 1454 1521 Patav.

158 1521 182 1549 B
203 1520 247 1548 57.
268 1521 302 1548 E.
323 1536 360 1540 —
380 1522 462 1550 Brev.
482 1532 534 1550 ms.
556 1523 585 1551 S.
606 1524 709 1552 Clarae
721 1525 865 1561 Neapolit.
886 1535 959 1555 saec.
983 1528 1025 1556 14.
1062 1530 1129 1556 oud.
1142 1529 1314 1558 Casanaten.
1337 1532 1361 1559 B
1375 1532 1422 1559 111
1436 1530 1453 1559 5

160 1556 236 1593 (407)
254 1559 287 1585 F.
307 1573 345 1577 —
366 1560 434 1587 Cod.
453 1560 638 1588 Vanioenan.
660 1562 684 1589 G
707 1561 751 1590 77.
772 1572 846 1590 saec.
865 1562 939 1592 ³⁸¹17.
953 1565 986 1593 G.
1008 1581 1044 1586 -—
1064 1567 1115 1594 FG
1134 1568 1228 1604 geben
1248 1568 1305 1595 den
1317 1570 1454 1604 Hymnus

159 1596 202 1623 als
223 1596 259 1623 de
278 1599 376 1624 saneto
397 1597 556 1629 Richard0;
577 1599 640 1626 dass
661 1599 708 1627 die
720 1600 854 1636 Fassung
873 1603 926 1629 auf
935 1603 1138 1632 Prosdocimus
1159 1605 1208 1632 die
1229 1607 1454 1644 ursprfingliehe

157 1635 202 1667 ist,
221 1634 343 1661 beweist
361 1634 411 1662 der
423 1635 504 1662 Reim
524 1632 551 1667 4,
572 1634 589 1664 3
610 1638 668 1664 und
687 1636 714 1665 4.
735 1653 772 1657 —
794 1638 817 1671 1,
838 1638 855 1666 3
873 1639 928 1673 En,
950 1640 1104 1669 sanctitate
1117 1643 1174 1671 FG.
1196 1658 1233 1662 —
1256 1643 1280 1677 1,
1300 1642 1321 1671 4
1333 1646 1455 1673 Richar-

157 1672 210 1698 dus
230 1672 414 1699 beatissimus
434 1672 492 1700 FG.
517 1687 545 1692 -
570 1671 600 1706 2,
624 1673 638 1701 1
658 1677 690 1702 in
709 1676 816 1711 Anglia
837 1677 893 1705 FG.
914 1692 951 1697 —
971 1676 1001 1712 2,
1023 1677 1040 1705 2
1061 1680 1106 1707 De
1125 1680 1218 1708 nobili
1240 1681 1301 1710 Fe.
1321 1698 1360 1703 ——
1378 1681 1415 1716 4,
1435 1680 1453 1712 3

158 1710 257 1744 attigit
275 1709 421 1737 Andriam.

563 1839 631 1871 394.
660 1840 704 1871 De
724 1843 830 1872 sancto
849 1842 1050 1876 Prosdocimo.

665 1916 714 1947 Ad
734 1917 922 1949 Nocturnum.

156 1983 187 2016 1,
213 1983 349 2016 Errores
374 1985 415 2017 ad
439 1986 602 2026 gentilium
831 1991 862 2022 3.
890 1989 1049 2023 Clamatur
1072 1996 1201 2033 praesul
1225 1997 1365 2039 Paduae,

213 2030 254 2061 Se
276 2031 439 2072 transfert,
463 2036 500 2064 ut
525 2034 689 2066 consilium
886 2037 978 2069 nlius
1001 2039 1090 2072 urbis
1114 2045 1272 2086 strenuae,

212 2076 328 2110 Salutis
354 2080 398 2111 eis
423 2079 553 2120 tribuat,
886 2084 949 2116 Per
974 2087 1060 2126 cujus
1085 2093 1195 2122 sancta
1219 2093 1334 2124 merita

210 2123 261 2155 Ne
284 2134 359 2164 gens
385 2127 538 2160 salvanda
560 2132 680 2168 pereat.
885 2130 983 2164 Fides
1009 2137 1057 2165 est
1082 2137 1201 2169 cunctis
1227 2139 1361 2180 cognita.

156 2191 188 2223 2.
211 2189 368 2223 Christum
392 2201 520 2226 securus
543 2195 718 2234 praedicat,
830 2200 862 2230 4.
888 2198 1035 2243 Tarvisii,
1060 2202 1247 2237 Vincentiae

211 2238 358 2270 Vetustos
383 2240 462 2272 ritus
487 2241 626 2282 abdicat,
889 2245 1097 2281 Constructae
1119 2254 1194 2283 sunt
1217 2254 1380 2297 eeclesiae,

209 2284 254 2316 Ut
277 2284 477 2326 baptizentur
499 2289 629 2329 indicat,
888 2293 1025 2327 Ornatae
1049 2299 1267 2333 sacerdotibus

208 2331 327 2364 Reatus
350 2335 501 2379 pandant,
527 2338 640 2369 incitat
887 2340 929 2372 Et
952 2342 1082 2383 reliquis
1107 2345 1281 2383 ordinibus,
