1651 2621
701 133 957 168 —254-

180 236 212 268 7.
236 234 287 267 Ex
308 233 480 274 improviso
505 231 632 264 coluber
855 231 886 263 8.
912 229 1052 261 Proinde
1076 231 1118 271 te,
1146 227 1291 267 piissimi,

236 282 277 314 In
301 289 444 321 campum
469 280 534 312 exit
557 279 723 319 maximus,
914 277 1086 309 Precamur
1112 283 1219 307 omnes
1244 273 1417 314 supplices,

238 329 356 361 Erecta
381 335 472 360 cruce
495 326 623 367 perimit
913 325 960 358 Ut
984 323 1178 363 Tergestinis
1204 322 1329 354 Servuli

238 376 370 408 Athleta
394 374 512 408 Christi
538 374 726 406 daemonem.
914 371 1028 403 Preces
1057 378 1183 410 semper
1206 367 1385 409 proficiant.

261 451 347 478 Brev.
373 458 426 477 ms.
449 448 629 476 Benedictin.
656 455 730 474 saec.
753 444 796 473 15.
836 445 906 474 Cod.
925 446 1067 473 Mutinen.
1092 445 1152 473 XH
1174 445 1199 472 F
1225 442 1250 472 1.
1276 444 1311 471 A.
1339 458 1375 462 —
1403 443 1484 471 Orat.

186 497 238 515 ms.
261 488 291 516 S.
312 487 427 516 Sei-vuli
451 495 526 514 saec.
548 484 592 513 15.
634 485 701 513 Cod.
721 484 863 511 Marcian.
883 484 909 511 L
934 484 981 511 ΠΙ
1007 481 1052 511 32.
1072 483 1105 510 B.
1126 497 1163 501 —
1185 480 1211 518 2,
1233 480 1251 509 2
1269 482 1389 518 placens
1407 482 1483 509 Deo.

181 525 216 553 A.
236 542 273 545 —
292 524 319 560 4,
339 524 357 554 3
376 524 464 553 Alma
482 525 516 551 A.

615 643 684 674 428.
713 642 757 673 De
776 642 881 672 saneto
901 640 1039 672 Servulo.

731 708 780 737 Ad
800 707 925 737 Laudes.

183 779 213 813 1.
239 778 345 810 Elisus
370 788 389 810 a
417 777 578 809 daemonio
857 777 887 809 5.
916 776 1023 808 Caeois
1048 775 1155 806 multis
1181 775 1321 806 restituit

240 825 399 857 Instanter
425 824 505 863 petit
529 823 703 865 Ser-valum,
913 822 1012 855 Usum
1036 823 1149 854 mentis
1175 825 1207 853 et
1232 822 1384 862 corporiS,

239 872 378 911 AdJ'urat
401 874 434 903 et
458 871 596 902 restituit
915 869 996 901 Nam
1024 869 1107 901 Deus
1132 869 1216 900 hunc
1241 869 1399 900 dilexerat

239 918 438 957 Baptizatum
462 916 619 949 affinibus.
913 917 996 948 Prae
1022 916 1141 947 cunctis
1166 916 1252 947 illius
1277 916 1440 955 temporis.

183 976 214 1008 2.
239 974 302 1007 Hic
328 975 362 1005 in
389 973 498 1006 dolore
521 974 638 1012 gratias
857 974 888 1005 6.
917 972 1128 1011 Suspenditur
1152 973 1293 1012 equuleo,

240 1021 370 1060 Semper
394 1019 526 1052 canebat
549 1020 693 1058 Domino,
912 1019 1067 1051 Laniatur
1093 1028 1160 1050 cum
1187 1019 1320 1060 ungulis,

239 1067 427 1099 Ferventius
453 1067 644 1106 compatiens
915 1065 1121 1098 Perfunditur
1148 1066 1273 1107 diutius,

239 1114 367 1145 Vexatis
390 1121 484 1145 saevo
509 1113 632 1151 spiritu.
913 1114 1030 1145 Alacer
1054 1116 1090 1144 ut
1115 1117 1221 1145 currat
1243 1113 1337 1145 viam.

184 1172 215 1203 3.
241 1170 409 1209 Fulgentia
432 1177 490 1207 pro
514 1168 606 1200 unico
857 1171 886 1202 7.
913 1169 1049 1201 Junillus
1074 1170 1176 1202 saevit
1199 1169 1232 1200 in
1258 1171 1402 1201 sanctum

239 1217 344 1249 Prona
366 1218 515 1255 precatur
538 1218 719 1254 martyrem,
916 1215 1116 1253 Clementem,
1143 1215 1258 1247 fortem
1284 1219 1316 1247 et
1340 1217 1438 1258 pium,

239 1263 297 1302 Qui
321 1271 444 1294 socrum
469 1262 554 1294 Petri
579 1262 719 1293 nominat
914 1262 1042 1294 Occulte
1063 1263 1155 1302 Jubet
1177 1263 1210 1294 in
1235 1266 1343 1303 guttur

238 1309 484 1341 Febricitantem
507 1308 656 1342 liberans.
911 1308 1003 1349 Infigi
1028 1318 1155 1341 saevum
1181 1310 1331 1349 gladium.

180 1367 211 1398 4.
237 1365 287 1398 De
310 1365 437 1396 Didimo
462 1365 537 1403 quid
562 1363 723 1396 referam?
855 1367 887 1399 8.
914 1365 1053 1397 Proinde
1076 1369 1117 1406 te,
1143 1366 1284 1405 piissime

239 1412 469 1451 Praecipitatur
494 1411 533 1442 ab
553 1412 628 1450 alto,
912 1413 1084 1444 Precamur
1108 1422 1215 1445 omnes
1241 1414 1411 1453 supplices,

239 1459 371 1490 Intimus
394 1457 511 1490 Christi
536 1457 685 1490 Servulus
915 1460 962 1492 Ut
984 1460 1178 1499 Tergestinis
1203 1460 1329 1492 Servuli

236 1505 406 1537 Restaurat,
429 1504 511 1535 hunc
535 1505 727 1536 semivivum.
916 1506 1029 1537 Preces
1054 1515 1179 1547 semper
1202 1507 1381 1547 proficiant.

252 1580 336 1607 Brev.
362 1586 414 1606 ms.
435 1577 614 1605 Benedictin.
641 1587 715 1606 saec.
739 1577 782 1606 15.
823 1579 892 1606 Cod.
912 1580 1054 1607 Mutinen.
1082 1580 1142 1608 ΧΠ
1166 1581 1191 1608 F
1218 1579 1242 1608 1.
1273 1581 1307 1608 Α.
1334 1597 1372 1601 -
1397 1582 1476 1610 Orat.

182 1625 234 1643 ms.
255 1616 283 1643 S.
305 1616 420 1643 Sei-vuli
439 1623 513 1642 saec.
535 1614 578 1642 15.
619 1616 688 1643 Cod.
706 1617 847 1644 Marcian.
866 1615 893 1644 L
912 1617 957 1644 ΠΙ
976 1615 1022 1645 32.
1042 1619 1074 1645 Β.
1095 1633 1132 1637 -
1153 1617 1179 1653 2,
1198 1617 1219 1646 4
1237 1620 1366 1647 Vexatus
1386 1622 1419 1648 B.
1441 1636 1478 1640 —

181 1652 210 1687 4,
231 1652 247 1680 1
268 1654 312 1681 De
331 1653 457 1681 Diclimo
479 1653 513 1680 A.
534 1667 571 1671 —
591 1652 618 1686 7,
640 1652 655 1680 1
675 1654 810 1681 Lunillus
832 1655 865 1682 ,13-

582 1781 650 1812 429.
679 1782 723 1812 De
743 1783 848 1814 saneto
869 1783 1078 1823 Simpliciano.

181 1851 211 1883 1.
238 1850 356 1882 Summi
380 1850 461 1882 vatis
486 1851 688 1889 praeconium
856 1854 887 1885 4.
914 1853 1030 1885 Laetus
1055 1858 1164 1894 pastor
1189 1857 1387 1896 grandaevus

237 1897 433 1937 Simpliciani
456 1897 605 1937 canimus,
915 1900 978 1932 Sed
1002 1901 1078 1932 licet
1101 1903 1236 1942 simplex
1261 1905 1412 1944 moribus,

238 1945 296 1984 Qui
322 1945 404 1977 vitae
429 1952 552 1975 cursum
578 1945 739 1984 explicans
914 1948 1098 1980 Sanctitatis
1124 1958 1226 1982 comes
1252 1950 1313 1983 fuit

238 1990 406 2025 Confessor
429 1991 490 2022 Dei
513 1992 643 2025 exstitit.
913 1994 965 2026 Ab
990 1996 1080 2027 annis
1104 1998 1290 2036 puerilibus.

180 2050 210 2080 2.
237 2048 330 2079 Hunc
353 2055 443 2079 sacer
468 2047 523 2078 ille
547 2057 732 2087 praecessor
856 2052 886 2084 5.
911 2050 1067 2083 Doctrina
1092 2056 1203 2092 potens
1229 2055 1344 2087 claruit

234 2095 402 2135 Insignivit
429 2094 626 2136 Ambrosius,
912 2097 992 2130 Toto
1018 2099 1094 2130 orbe
1118 2102 1300 2134 notissimus

235 2142 394 2173 Vicarium
420 2142 504 2173 sedis
531 2142 659 2181 dignum
915 2144 1019 2177 Multa
1042 2149 1184 2179 tractans
1211 2149 1319 2182 divina

235 2189 401 2221 Praedixit
425 2191 499 2219 tunc
523 2190 661 2222 oraculo.
911 2192 1057 2233 Ingentia
1080 2195 1250 2229 volumina.

177 2246 208 2278 3,
236 2246 260 2278 Ο
286 2254 378 2285 quam
400 2243 478 2276 felix
502 2246 668 2286 successio,
866 2249 897 2282 6.
924 2250 1117 2290 Augustinus
1142 2253 1271 2292 scriptis
1296 2255 1412 2298 pulsat,

234 2292 402 2324 Praeclara
425 2295 501 2323 tunc
525 2293 706 2325 haereditas
922 2296 968 2329 Ut
992 2298 1091 2337 agitet
1112 2299 1282 2342 ingenium,

235 2338 392 2379 Signifera
415 2339 511 2371 missa
537 2349 612 2372 voce
924 2344 1145 2383 Quaestionum
1174 2348 1258 2381 ludit
1280 2350 1384 2383 forma

232 2387 338 2418 Trinis
362 2386 463 2419 modis
490 2387 659 2422 distinctio.
924 2391 1098 2431 Epistolari
1123 2396 1298 2434 problema.
