1651 2621
750 136 1008 171 —147a-

464 235 497 268 3.
524 231 629 265 Simili
652 234 748 266 modo
773 232 911 267 famulus
932 234 1062 266 insanus

525 280 644 313 Passus
668 281 816 320 maniam,
844 290 913 313 cum
938 282 1001 313 iret
1024 280 1194 322 sanandus,

524 327 566 360 Se
591 328 722 361 tradens
746 330 837 361 Arno
862 329 976 361 mediis
1001 329 1130 361 illaesus

571 375 668 408 Stetit
691 377 726 409 in
749 377 853 409 undis.

464 434 495 465 4.
525 432 642 465 Postea
666 432 754 465 Deus
781 434 964 466 daemonem
990 433 1085 472 ejecit

526 480 613 512 Ante
636 480 839 520 sepulchrum
864 481 986 513 meritis
1011 480 1111 520 ipsius

525 528 633 569 Atque
657 528 782 560 sanavit
805 528 968 561 brachium
991 528 1057 567 jam
1082 528 1199 560 siccum

570 575 609 608 In
633 576 776 609 muliere.

465 634 496 667 5.
522 633 647 674 Itaque,
674 631 802 674 fratres,
832 632 955 665 debitas
981 641 1109 673 agamus

517 679 633 712 Sancto
658 679 797 713 Johanni
821 680 941 720 gratias
965 681 1144 719 immensas,

522 727 569 760 Ut
592 735 775 760 maneamus
798 729 832 760 in
860 728 1038 768 dilectione,

569 775 669 814 Quam
693 776 903 815 praedicavit.

464 832 495 864 6.
525 831 672 863 Praestet
695 831 756 863 hoc
779 830 871 864 nobis
898 831 999 864 deitas
1024 832 1120 864 beata

520 877 627 911 Patris
653 887 690 911 ao
714 879 781 911 nati
806 879 999 919 spiritusque
1024 882 1161 919 sanctus,

521 926 579 965 Qui
603 926 643 957 ab
669 929 803 966 utroque
828 928 950 965 pariter
974 927 1151 967 procedens

569 974 690 1007 Cuncta
714 973 879 1014 gubernat.

297 1029 384 1057 Brev.
405 1037 457 1056 ms.
479 1029 758 1058 Vallumbrosanum
778 1037 853 1057 saec.
875 1027 919 1057 15.
956 1029 1025 1058 eod.
1045 1029 1225 1058 Trivulzian.
1245 1027 1311 1057 265.
1331 1030 1365 1057 A.
1391 1044 1425 1048 —
1443 1029 1528 1057 Brev.

221 1067 501 1096 Vallumbrosanum
519 1069 591 1104 imp.
612 1076 635 1094 s.
656 1068 675 1095 1.
697 1070 727 1095 et
746 1075 772 1095 a.
786 1082 821 1086 -—
839 1065 863 1100 1,
885 1065 902 1094 2
916 1067 1069 1096 Monaehis
1083 1067 1117 1095 A.
1131 1082 1169 1087 -
1183 1065 1208 1102 ὃ,
1230 1065 1247 1094 2
1263 1068 1349 1095 Passi
1362 1075 1481 1095 manum
1493 1067 1527 1094 A.

487 1159 553 1191 246.
585 1157 620 1190 In
642 1159 862 1191 Translatione
881 1168 905 1190 s.
926 1159 1076 1191 Johannis
1100 1159 1271 1191 Gualberti.

780 1228 829 1257 Ad
848 1227 975 1257 Laudes.

222 1298 255 1330 1.
282 1297 461 1338 Pangamus
485 1299 593 1328 mente
617 1297 740 1336 sedula,
907 1298 938 1330 3.
964 1297 1080 1336 Lacus,
1107 1296 1161 1336 qui
1183 1297 1251 1328 sine
1274 1295 1417 1336 piscibus

281 1345 367 1384 Quae
393 1343 508 1376 fecerit,
531 1345 687 1376 miracula
965 1343 1078 1376 Multis
1105 1342 1167 1375 fuit
1190 1343 1397 1385 temporibus,

279 1392 441 1425 [Iohannes
468 1392 587 1424 Christi
612 1391 740 1423 nomine
964 1391 1015 1423 De
1040 1399 1122 1423 novo
1150 1391 1228 1423 duos
1253 1392 1397 1432 protulit,

278 1440 325 1473 Et
347 1442 458 1472 auctor
481 1440 584 1472 nostri
610 1439 742 1473 ordinis,
964 1440 1047 1479 Quos
1071 1438 1143 1478 ipse
1166 1447 1270 1479 papae
1295 1439 1437 1471 contulit.

218 1500 250 1533 2.
276 1496 360 1530 Nam
385 1497 482 1529 arbor
507 1496 598 1536 fagus
622 1497 749 1528 nomine
903 1497 935 1529 4.
959 1495 1013 1527 Ad
1039 1504 1127 1527 suam
1151 1504 1278 1535 precem
1305 1496 1448 1527 intimam

275 1544 346 1577 Hoc
371 1544 494 1585 signum
519 1546 677 1576 monstrat
700 1543 806 1584 bodie,
960 1544 1027 1583 Que
1052 1544 1171 1576 coelum
1200 1544 1290 1575 dedit
1314 1544 1465 1584 pluviam,

274 1592 365 1631 Quod
390 1590 477 1624 foliis
505 1593 536 1623 et
560 1590 691 1624 floribus
958 1590 1003 1622 Et
1026 1590 1109 1631 ignis
1135 1593 1166 1622 et
1189 1591 1384 1632 rigambulus

275 1640 369 1673 Prius
394 1640 528 1672 vestitur
553 1639 709 1672 omnibus,
958 1639 1102 1678 Implere
1125 1639 1216 1678 jussa
1235 1638 1392 1678 protinus,

594 1698 625 1731 5.
651 1696 732 1736 Ejus
758 1698 904 1728 matrona
928 1695 1077 1735 precibus

655 1743 797 1776 Dimissa
820 1747 870 1776 est
893 1753 913 1776 a
935 1742 1089 1783 febribus,

655 1792 699 1824 Et
724 1792 807 1824 alter
831 1801 887 1824 suo
912 1792 1039 1824 nomine

657 1839 782 1872 Cadens
808 1840 910 1872 evasit.
933 1837 1071 1872 flumine.

293 1905 380 1933 Brev.
403 1914 456 1933 ms.
478 1904 574 1933 Vallis
595 1905 759 1934 Umbrosae
780 1913 855 1933 saec.
880 1903 924 1933 15.
955 1904 1024 1933 Cod.
1044 1905 1226 1933 Trivulzian.
1248 1903 1312 1934 265.
1332 1905 1367 1932 A.
1387 1919 1425 1924 —
1445 1906 1529 1933 Brev.

217 1944 501 1972 Vallumbrosanum
520 1945 589 1980 imp.
613 1951 635 1970 S.
656 1944 675 1971 1.
698 1945 728 1971 et
747 1952 772 1971 a.
785 1943 819 1971 B.
834 1958 871 1963 —
886 1942 911 1978 2,
935 1941 949 1970 1
964 1944 1031 1972 Jam
1053 1943 1140 1971 arbor
1153 1943 1187 1971 A.
1209 1958 1246 1963 —-
1266 1942 1294 1980 4,
1315 1941 1332 1971 3
1350 1944 1530 1980 rigambolus

214 1983 249 2012 B.
271 1997 307 2002 —-
328 1982 385 2010 Am
406 1981 547 2010 Schlusse
572 1981 649 2011 noch
675 1981 725 2009 der
744 1982 862 2018 Anfang
887 1984 967 2010 einer
986 1981 1165 2017 Doxologie:
1194 1982 1296 2011 Gloria
1319 1982 1375 2010 tibi
1394 1982 1529 2018 Domine,

215 2021 319 2050 Gloria
337 2020 498 2057 unigenite.

589 2114 654 2146 247.
684 2113 727 2145 De
747 2123 771 2146 s.
791 2114 933 2146 :Iohanne
952 2113 1152 2145 Mathcrensi.

215 2187 248 2221 1.
275 2187 365 2221 Coeli
389 2187 496 2219 celant
518 2185 689 2227 gloriosam
906 2188 937 2219 2.
965 2185 1030 2218 Sed
1053 2187 1200 2217 aeternus
1226 2193 1264 2217 ac
1287 2186 1460 2221 immensus

323 2235 538 2275 Supernorum
566 2234 695 2276 curiam,
1010 2241 1067 2265 rex
1090 2232 1317 2272 insuperabilis

274 2282 383 2317 Vitam
410 2285 505 2323 atque
525 2283 692 2323 penetrale
958 2281 1103 2320 Terram,
1131 2281 1262 2322 coelum,
1287 2282 1361 2322 ima,
1389 2283 1476 2316 celsa

320 2332 515 2363 secretorum
541 2330 690 2373 omnium,
1007 2329 1055 2359 uti
1077 2327 1248 2361 ineffabilis

273 2378 339 2412 Ubi
365 2378 482 2417 fantur,
511 2379 596 2419 quod
620 2388 684 2411 non
709 2377 796 2411 fatur
962 2376 1065 2418 Facit,
1092 2377 1204 2417 quibus
1224 2378 1344 2411 sanctis
1369 2380 1434 2412 suis

320 2426 419 2467 Apud
446 2426 546 2459 ullum
569 2426 742 2460 hominum.
1012 2427 1117 2457 exstat
1141 2425 1350 2462 admirabilis

1304 2482 1361 2514 10*
