1651 2621
720 141 978 179 —277—

638 234 704 269 467.
735 237 779 269 De
799 239 913 271 sancta.
930 237 1055 270 Ursula.

734 305 786 338 Ad
806 306 968 347 Vesperas.

192 375 223 408 1.
250 375 370 408 Amore
395 374 517 408 Christi
541 377 660 409 nobilis
882 380 914 412 3.
941 377 966 411 Ο
993 377 1081 419 virgo
1106 375 1248 416 prudens
1271 374 1401 416 Ursula,

252 422 376 456 Chorus
399 432 562 457 sacrarum
586 424 745 466 virginum
940 426 1028 466 Quae
1050 424 1210 466 virginum
1229 423 1404 456 exercitum

249 471 359 504 Laetis
384 472 538 504 miscetur
559 472 671 513 jubilis
943 473 1080 514 Collegit
1106 481 1182 504 eura
1207 471 1320 504 sedula

254 519 482 560 Angelicorum
507 520 678 561 agminum.
941 521 1130 560 Christoque
1154 518 1232 552 fecit
1253 518 1425 551 subditum.

194 578 226 610 2.
254 577 402 610 Candore
427 578 557 610 vincens
582 577 683 610 lilium
880 580 913 613 4.
938 578 1059 610 Beatae
1084 585 1208 618 quoque
1232 577 1382 617 virgines,

254 624 306 657 Ex
333 625 449 657 decore
473 625 626 666 virgineo,
937 626 1079 660 Ursulae
1102 627 1227 658 tractae
1251 624 1390 665 monitis,

250 671 302 704 Ex
327 673 447 705 virtute
469 673 618 715 martyrii
940 674 994 706 Ad
1018 673 1202 714 angelorum
1225 673 1355 705 ordines

252 720 383 753 Rubore
407 718 509 762 fulget
532 729 634 754 roseo.
939 721 1033 754 Miris
1056 723 1260 754 transvectae
1283 720 1416 755 meritis,

586 779 617 812 5.
645 777 862 820 omnipotenti
885 779 1022 811 Domino

644 824 694 859 Sit
717 826 820 858 honor
844 828 877 858 et
899 826 1079 868 imperium,

643 873 703 913 Qui
728 873 826 906 vitam
850 874 920 906 sine
943 874 1078 906 termino

642 920 744 954 Nobis
772 922 870 954 donet
894 922 1090 954 coelestium.

268 985 354 1014 BreV.
375 994 429 1014 ms.
450 986 481 1014 S.
501 985 657 1022 Sepulchri
676 995 753 1015 saec.
774 984 849 1016 ¹4l15.
886 987 955 1014 Cod.
975 988 1109 1015 Parmen.
1132 985 1225 1014 Palat.
1248 983 1311 1013 186.
1330 999 1368 1004 —
1388 983 1414 1020 2,
1435 982 1453 1011 2
1466 985 1508 1012 Et

195 1023 309 1052 decore.
328 1040 365 1044 —
386 1023 413 1061 5,
433 1022 454 1052 4
473 1025 563 1053 donet
580 1025 746 1061 imperium.

635 1116 701 1150 468.
734 1117 779 1149 De
801 1118 914 1149 sancta
933 1116 1058 1149 Ursula.

714 1185 764 1215 Ad
782 1185 974 1216 Nocturnum.

195 1254 228 1289 1.
252 1254 359 1287 Affert
386 1254 478 1287 nobis
503 1255 659 1288 laetitiam
879 1256 912 1291 3.
936 1255 1052 1288 Electa
1077 1254 1277 1296 congregatio

255 1302 439 1335 Puellarum
461 1304 606 1343 victoria,
938 1303 1068 1343 sprevit
1093 1302 1197 1335 carnis
1224 1301 1391 1342 connubia,

252 1350 322 1389 Qua
345 1350 493 1383 vicerunt
515 1351 681 1384 saevitiam
940 1351 1075 1383 Aeterni
1097 1350 1202 1391 patris
1225 1349 1293 1382 filio

253 1398 370 1430 Mundi
397 1400 564 1439 carnisque
588 1400 676 1432 vitia.
940 1398 1051 1439 Nupta
1077 1398 1206 1431 coelesti
1230 1398 1343 1439 gratia.

196 1457 227 1489 2.
255 1455 380 1487 Tenent
403 1456 526 1497 palmas
551 1457 583 1489 in
610 1456 755 1489 manibus
882 1458 915 1490 4.
941 1456 1095 1497 Reginam
1123 1455 1202 1488 coeli
1227 1455 1370 1494 sequitur

252 1504 471 1544 Triumphalis
496 1505 643 1543 martyrii
939 1503 1091 1536 Laudans
1115 1504 1269 1535 immenso
1297 1502 1424 1542 gaudio,

254 1551 454 1592 Carmenque
478 1555 594 1584 sonant
618 1552 748 1584 vocibus
940 1552 1037 1591 Cujus
1064 1550 1170 1583 fructu
1195 1549 1348 1590 reficitur,

250 1598 426 1640 virginalis
448 1599 624 1640 praeconii.
937 1598 1041 1631 Felici
1065 1598 1176 1631 fruens
1200 1598 1323 1633 bravio.

539 1659 569 1692 5.
596 1657 675 1698 Regi
700 1666 811 1698 regum
835 1656 878 1688 sit
899 1656 1013 1698 gloria,

594 1705 655 1744 Qui
678 1714 736 1738 nos
760 1706 942 1737 sanctarum
966 1704 1125 1745 virginum

593 1754 694 1786 Prece
720 1755 816 1786 ducat
841 1754 883 1785 ad
909 1753 1026 1795 gaudia

597 1801 825 1842 Angelicorum
848 1802 1006 1835 ordinum.

273 1866 359 1894 Brev.
378 1874 434 1893 ms.
455 1864 484 1893 S.
506 1864 661 1901 Sepulchri
680 1875 757 1894 saec.
777 1864 853 1895 Μι115.
896 1866 968 1894 Cod.
987 1866 1123 1894 Parmen-
1143 1865 1239 1894 Palat.
1262 1863 1326 1894 186.

644 1958 712 1992 469.
744 1959 788 1991 De
808 1960 920 1991 saneta
938 1958 1065 1991 Ursule.

752 2028 801 2058 Ad
816 2028 945 2059 Laudes.

196 2101 229 2135 1.
254 2098 498 2142 Magnifioemus
523 2098 705 2137 Dominum,
885 2099 917 2132 3.
944 2096 1057 2130 Gratia
1083 2096 1202 2130 Christi
1226 2097 1341 2130 comite

255 2149 315 2190 Qui
340 2148 403 2181 sibi
428 2157 511 2181 nova
536 2147 641 2188 gratia
942 2145 1068 2179 Junotis
1093 2145 1155 2177 sibi
1179 2146 1380 2186 praesulibus

256 2196 537 2230 Sanctissimarum
560 2196 720 2236 virginum
947 2193 1076 2225 Summo
1100 2202 1224 2234 quoque
1247 2193 1391 2226 antistite

255 2245 370 2279 Junxit
393 2245 542 2278 undecim
566 2243 665 2278 milia.
943 2241 1077 2274 Obviam
1101 2242 1209 2283 pergit,
1231 2242 1386 2275 hostibus.

196 2305 229 2337 2.
255 2304 310 2336 Ad
335 2303 475 2339 Ursulae
501 2302 695 2335 conveniunt
886 2301 919 2333 4.
946 2299 1030 2333 Nam
1055 2300 1097 2332 ad
1120 2300 1232 2332 urbem
1258 2299 1421 2333 Coloniam

255 2351 435 2385 Laudabile
460 2350 654 2384 consortium
945 2347 1027 2379 Dum
1055 2348 1182 2381 Christo
1208 2348 1289 2381 duce
1312 2350 1498 2390 properant,

255 2399 413 2441 Virgines,
441 2409 462 2435 a
486 2409 549 2440 qua
575 2399 708 2440 capiunt
948 2395 1082 2428 Sumunt
1106 2396 1260 2437 triumphi
1285 2397 1431 2440 gloriam,

253 2447 349 2482 Fidei
374 2448 605 2489 magisterium.
945 2444 1046 2477 Prout
1073 2444 1207 2479 edoctae
1229 2445 1369 2480 fuerant.
