1651 2621
728 150 775 155 -
822 129 868 165 54
917 151 960 157 .-

637 222 684 252 34.
716 221 759 254 De
778 222 884 254 saneto
908 221 1034 253 Basilio.

197 280 228 312 1.
252 282 431 321 Pangamus
456 279 573 312 festum
597 283 756 322 praeclari

248 328 343 360 Nunc
365 328 523 368 praesulis
548 329 671 369 Basilii,

249 376 308 413 Qui
332 376 456 416 sprevit
476 376 588 408 mundi
612 377 736 420 gaudia,

250 422 337 455 Coeli
366 423 508 462 captavit
531 424 682 463 praemia.

189 481 221 512 2.
247 479 330 510 Nam
354 482 475 512 tantam
500 489 519 511 a
544 481 713 521 crepundia

246 527 476 567 Frugalitatem
502 528 640 570 capiens,

246 574 292 606 Ut
315 574 348 606 in
374 575 440 614 poli
465 573 594 615 fastigia

245 622 345 653 Foret
370 622 514 654 columna
537 623 639 662 ignea.

213 704 219 711 .
246 678 375 710 Ardens
403 687 510 711 amore
532 678 618 717 fidei,

246 725 410 765 Baptisma
437 725 554 758 Christi
581 727 720 766 cupiens,

246 772 291 804 Ut
313 773 346 804 in
372 773 522 805 :Iordanis
546 771 675 805 flumine

246 819 410 859 Baptizari
430 821 616 859 promeruit.

187 876 219 908 4.
246 875 390 908 Intrante
411 877 477 915 jam
502 877 621 908 Basilio

245 923 283 954 In
308 932 400 955 amne
424 926 501 955 tunc
525 924 698 957 Jordanico

245 969 395 1002 Columna
420 971 521 1002 saneti
548 971 678 1010 spiritus

243 1016 270 1047 T
273 1017 391 1049 urbans
422 1026 524 1056 aquae
548 1018 726 1058 vestigium.

186 1074 216 1104 5.
244 1072 342 1105 Lotus
366 1073 460 1105 undis
486 1074 668 1107 Jordanicis

241 1120 358 1152 Fretus
384 1121 479 1152 armis
504 1120 679 1152 Dominicis

240 1167 397 1208 Pugnavit
419 1171 529 1199 contra
552 1168 696 1199 rhetores

243 1214 370 1247 Donum
393 1223 577 1255 perversum
602 1224 765 1256 respuens.

187 1274 216 1305 6.
243 1272 349 1305 Favor
373 1272 458 1311 vulgi
484 1273 650 1315 attollitur,

247 1319 357 1351 Clarus
382 1319 510 1359 praesul
532 1320 668 1363 eligitur,

243 1367 280 1399 In
308 1366 497 1407 Cappadoco
522 1367 601 1398 solio

243 1415 479 1446 1nt11r0nizatur
501 1414 599 1447 illi00.

188 678 207 710 Cf.)

885 284 918 316 7.

865 878 920 910 10.

865 1074 920 1106 11.

942 283 1013 315 Rex
1037 284 1181 316 Julianus
1203 283 1320 323 impius

940 331 1080 371 Per-gens
1103 332 1144 363 ad
1169 331 1287 363 bellum
1311 326 1474 360 Persicum

938 377 1041 410 Valde
1066 379 1233 418 conjurans
1258 375 1372 409 aratris

938 424 1057 456 Locum
1078 425 1202 458 findere
1225 422 1391 465 praesulis

938 481 1052 513 Statim
1076 483 1118 514 ad
1135 485 1274 514 montem
1298 478 1416 513 Libani

939 529 1138 569 pergensque
1163 538 1233 560 cum
1260 525 1457 560 Christicolis

937 576 1127 616 Rogansque
1150 579 1285 607 matrem
1309 572 1447 610 Domini,

936 623 982 655 Ut
1004 623 1186 655 subveniret
1210 620 1348 662 populis.

903 705 911 711 .
937 680 1027 711 Tunc
1050 680 1108 711 illa
1131 682 1240 712 saneto
1264 676 1405 719 praesuli

935 728 1098 767 Apparuit
1121 728 1241 759 Basilio

936 774 1024 805 Dans
1050 774 1079 805 ei
1102 774 1219 806 librum
1244 780 1373 806 aureum

938 820 1191 861 Confortansque
1216 830 1286 853 oum
1310 818 1438 859 populo.

935 878 1021 916 Quae
1041 878 1137 916 J‘ussit
1161 880 1237 909 tunc
1260 875 1422 909 Mercurio

934 925 988 956 Ire
1010 925 1052 956 ad
1077 925 1195 956 bellum
1219 925 1395 961 Persicum,

935 971 981 1003 Ut
1003 971 1163 1003 Julianum
1188 971 1347 1011 perfidum

935 1017 997 1049 Suo
1022 1021 1176 1058 pungeret
1202 1019 1319 1058 gladio.

934 1074 1052 1106 Laetus
1080 1078 1243 1106 revertens
1267 1072 1413 1114 pontifex

933 1121 987 1153 Ad
1011 1122 1144 1160 propria
1170 1130 1240 1152 cum
1262 1121 1381 1161 populo

933 1168 1050 1200 Preces
1076 1167 1242 1200 fundendo
1265 1168 1415 1208 Domino,

936 1215 995 1253 Qui
1019 1215 1116 1247 verbo
1142 1216 1225 1256 regit,
1249 1215 1421 1248 saeculum.

866 1272 919 1304 12.
936 1271 1048 1304 Gloria
1072 1273 1142 1313 tibi,
1169 1273 1320 1312 Domine,

935 1320 993 1359 Qui
1016 1323 1110 1351 natus
1135 1329 1168 1352 es
1195 1321 1235 1352 de
1258 1320 1391 1360 virgine,

936 1367 1013 1399 Cum
1034 1373 1128 1406 patre
1152 1371 1184 1399 et
1206 1371 1316 1401 sancto
1341 1367 1459 1407 spiritu

933 1414 972 1445 In
997 1416 1192 1454 sempiterna
1215 1415 1352 1447 saecula.

264 1480 330 1507 Bw.
374 1489 427 1506 ms
449 1478 609 1513 Trojanum
634 1487 710 1506 saec.
739 1478 783 1507 15.
824 1479 892 1507 Cocl.
913 1479 1100 1514 Neapolitan.
1125 1481 1167 1507 VI
1186 1480 1213 1507 E
1237 1479 1281 1508 16.
1302 1494 1340 1500 ν-
1359 1478 1395 1514 2,
1419 1479 1434 1506 1
1456 1488 1490 1507 ac

190 1517 356 1553 (ri-‘¹punclia.
377 1530 414 1536 —-
434 1515 461 1543 5.
482 1514 499 1539 ‘3
520 1519 653 1544 rectores.
674 1531 713 1535 —
734 1516 760 1550 7,
781 1515 799 1544 3
820 1518 990 1545 convivans,

614 1608 661 1638 85.
690 1608 732 1639 De
754 1609 861 1639 saneto
882 1607 1056 1639 Benedioto.

473 1668 505 1701 1.
531 1666 639 1701 Aureo
665 1669 740 1699 solis
765 1669 856 1701 radio
881 1669 1014 1707 perenni

532 1715 603 1746 Hac
628 1715 679 1746 die
703 1718 787 1747 totus
815 1717 982 1747 decoratur
1007 1716 1104 1756 orbis,

532 1763 576 1795 Ut
601 1766 673 1793 tuus
695 1761 783 1803 felix,
807 1763 991 1805 Benedicte7
1019 1762 1109 1794 festis

580 1809 703 1842 Clarior
727 1810 821 1844 adsit.

499 1892 505 1898 .
532 1864 624 1900 Bella
648 1867 802 1898 mirandis
828 1866 978 1906 opulenta
1002 1864 1106 1906 factis,

532 1914 623 1954 Signa
652 1914 813 1956 virtutum,
840 1914 981 1953 speciale
1004 1923 1117 1944 munus

532 1962 672 2002 Regulae
695 1962 849 2001 praebent
874 1961 933 1993 tibi
958 1961 1150 2000 sempiterno

578 2009 736 2048 Tempore
759 2010 880 2041 laudes.

499 2094 506 2100 .
533 2063 640 2099 Clares
666 2066 779 2097 aetatis
804 2066 923 2097 teneris
947 2065 987 2096 ab
1012 2065 1103 2096 annis

531 2113 687 2152 Moribus,
713 2113 811 2144 vitam
834 2112 946 2153 quibus
971 2112 1136 2153 ordinasti,

534 2160 612 2192 Cum
635 2161 792 2200 voluptati
818 2160 945 2192 dederis
970 2168 1029 2190 nec
1052 2159 1111 2190 ulli

579 2208 697 2241 Intima
722 2208 838 2240 cordis.

499 2289 506 2296 .
533 2262 670 2297 Deditur
694 2267 782 2297 tanto
807 2265 896 2304 prius
919 2263 955 2294 id
980 2262 1151 2304 triumpho,

534 2313 599 2344 Vas
624 2312 751 2351 quidem
774 2312 921 2351 fractum,
946 2310 1102 2342 muliebre
1128 2311 1285 2352 damnum,

533 2360 624 2398 Quod
647 2369 728 2399 puer
748 2369 857 2392 sanum
882 2367 979 2398 prece
1002 2358 1170 2390 lacrimosa

579 2407 770 2442 Restituisti.
