1651 2621
720 131 980 168 *101*

627 225 688 257 163.
719 226 763 257 De
786 227 893 258 sancto
913 225 1080 259 Felieiano.

753 312 802 343 Ad
820 312 949 344 Laudes.

192 390 224 422 1.
251 390 351 429 Quam
377 390 491 432 diguus
514 391 577 424 iste
600 391 748 433 pontifex
880 395 911 427 3.
938 393 1004 426 Sed
1027 394 1176 435 vincitur,
1202 393 1257 433 qui
1281 392 1442 434 verberat,

251 437 391 470 Geminis
416 441 448 470 et
473 448 550 472 auro
574 441 744 480 multiplex
938 441 984 474 Et,
1005 441 1105 473 vincit
1128 442 1168 480 is,
1194 442 1249 482 qui
1272 441 1413 482 vapulat,

252 485 389 518 Gestare
417 489 543 527 tegmen
569 488 679 521 Aaron
937 488 1022 521 Dum
1048 489 1106 521 ille
1128 488 1243 521 Manes
1267 489 1415 527 sustinet,

250 532 376 574 Deique
399 536 693 575 tetragrammaton.
939 536 1003 568 Hic
1030 545 1128 577 regna
1153 536 1232 568 coeli
1255 536 1410 576 possidet.

192 591 225 624 2.
252 590 378 629 Quanta
398 590 464 625 fide
489 593 680 625 claresceret
880 593 913 626 4.
938 592 1103 626 Feliciane
1127 593 1247 632 inclite,

253 637 439 678 Quantaque
464 648 522 679 spe
547 640 750 681 fervesceret,
938 641 1003 673 Pro
1028 639 1119 673 nobis
1145 650 1201 672 ora
1225 640 1349 681 sedule,

252 686 426 719 Tormenta
449 688 597 726 pandunt
620 689 760 728 plurima
941 688 1007 727 Quo
1031 689 1188 727 possimus
1212 688 1246 720 in
1272 688 1401 720 aethere

252 732 317 766 Sub
337 733 439 767 Decio
465 733 615 770 furentia.
942 735 1060 768 Tecum
1085 735 1179 768 beate
1203 739 1321 769 vivere.

631 794 663 826 5.
689 792 846 826 Feliciani
871 792 1032 832 martyris.

269 857 356 884 Brev.
386 865 442 885 ms.
468 857 804 886 Romano-Franciscan.
836 865 912 885 saee-
936 855 979 885 14.
1027 856 1097 885 Cod.
1120 858 1255 885 Perusin.
1285 858 1317 885 M
1342 856 1387 886 61.
1413 858 1448 885 Α.
1473 873 1511 878 -

192 894 301 929 Hymn.
328 903 382 922 ms.
412 896 600 924 Franciscan.
627 904 702 923 saec.
726 894 769 923 15.
811 895 881 923 Ood.
902 896 1031 923 Vatican
1068 893 1150 923 9653.
1171 896 1205 924 B.
1225 910 1264 914 —
1285 894 1316 929 1,
1342 894 1360 923 2
1381 896 1510 924 Gcmmis

191 932 273 961 fehlt.
294 934 327 962 B.
353 948 392 954 —
412 931 445 967 2,
476 931 491 961 1
513 934 673 963 clarescere
692 935 726 962 A.
746 948 785 953 -—
806 932 839 967 2,
862 932 879 960 2
899 934 1060 961 fervescere
1080 934 1118 961 A.
1138 949 1175 953 —
1195 931 1221 967 3,
1244 932 1261 960 2
1281 933 1327 961 his
1349 936 1400 970 qui
1419 935 1454 961 A.
1475 948 1510 953 -—·—

192 971 229 998 In
249 971 273 999 Β
294 971 390 1000 bildet
412 972 508 1000 dieser
527 972 663 1008 Hymnus
684 973 738 1000 ruit
756 972 820 1000 dem
840 971 1099 1008 vorhergehenden
1118 981 1174 999 nur
1194 973 1286 999 einen.

653 1112 715 1144 164.
749 1112 793 1143 Dc
813 1112 920 1143 sancto
942 1111 1056 1143 Fidele.

679 1198 728 1229 Ad
748 1199 836 1237 Vesp.
858 1202 888 1229 et
906 1198 1033 1229 Laudes.

197 1276 229 1308 l.
256 1274 379 1309 Fidelis
403 1279 493 1317 gesta
515 1278 665 1317 martyris
896 1278 927 1310 7.
954 1277 1109 1309 Muerone
1135 1277 1188 1315 qui
1213 1275 1382 1308 almificum

256 1322 414 1357 Canamus
440 1333 495 1357 ore
521 1333 667 1368 consono,
953 1324 1244 1356 Transverberavit
1267 1327 1439 1364 martyrem

256 1370 376 1410 Quibus
400 1381 573 1413 perennem
600 1373 733 1412 gloriam
953 1372 1032 1404 Mox
1057 1374 1204 1411 arreptus
1230 1380 1249 1402 a
1275 1371 1428 1404 daemone

254 1419 402 1459 Adeptus
430 1423 478 1452 est
500 1420 534 1451 in
560 1420 701 1452 aethera.
954 1419 1072 1451 Vocem
1095 1419 1212 1451 tollens
1236 1419 1270 1451 in
1294 1428 1386 1451 aere:

196 1477 227 1510 2,
254 1476 444 1509 Maximiani
468 1476 625 1517 principis
896 1479 929 1511 8.
956 1476 1005 1508 Tu
1029 1484 1089 1516 me,
1115 1475 1251 1516 Fidelis,
1277 1475 1390 1517 libera,

254 1524 352 1558 Jussu
377 1525 489 1556 beatus
516 1525 669 1565 caeditur,
954 1523 1017 1556 Per
1041 1523 1243 1556 Nazarenum
1269 1525 1426 1567 supplico,

252 1571 365 1604 Litare
391 1572 452 1605 diis
477 1581 609 1604 munera
954 1571 1075 1611 Corpus
1101 1571 1194 1604 humo
1220 1572 1373 1611 sepeliam

252 1620 350 1652 Ausis
375 1620 507 1660 jubetur
530 1620 649 1660 impiis.
954 1620 1033 1653 Cum
1058 1618 1180 1651 funeris
1206 1618 1323 1652 officio.

194 1678 227 1711 3.
251 1678 298 1709 At
320 1677 378 1709 ille
404 1677 566 1710 Christum
591 1677 702 1710 intimo
896 1678 927 1711 9.
952 1676 1111 1709 Examine
1135 1678 1171 1708 ut
1194 1676 1300 1717 tetigit

255 1724 391 1757 Gestans
417 1725 528 1758 Jesum
550 1726 584 1758 in
609 1727 740 1765 pectore
954 1725 1100 1759 Cadaver
1125 1725 1344 1763 sacratissimi,

252 1773 415 1805 Reousans
440 1772 598 1805 sacrificia
953 1773 1082 1805 Solutus
1108 1776 1157 1804 esf,
1179 1782 1199 1805 a
1225 1772 1354 1804 colubro

253 1821 330 1853 Aris
354 1820 476 1853 inferre
500 1820 643 1861 perfidis,
954 1821 1072 1853 Laetus
1097 1829 1195 1853 ovans
1220 1820 1254 1852 in
1279 1819 1427 1855 Domino.

194 1879 227 1910 4.
255 1879 373 1912 Caesus
397 1877 506 1919 flagris
533 1877 715 1910 crudelibus
884 1878 939 1911 10.
953 1877 1076 1910 Terrae
1099 1877 1265 1909 mandavit
1287 1877 1434 1909 inclitum

252 1925 441 1967 Spernendo
465 1925 578 1958 mundi
602 1934 760 1966 prospera
954 1925 1153 1958 Thesaurum
1177 1925 1407 1969 beatissimum,

252 1975 399 2007 Intentus
426 1974 618 2015 evangelicis
956 1972 1130 2013 Crucisque
1158 1971 1264 2005 factus
1289 1973 1417 2013 bajulus

251 2022 416 2054 Doctrinis
442 2031 559 2055 vacans
582 2022 703 2056 sedule.
953 2021 1055 2054 Notos
1081 2021 1212 2062 reliquit
1236 2022 1349 2055 socios.

192 2082 223 2113 5.
251 2079 401 2113 Vinctum
425 2079 488 2113 Dei
513 2081 590 2112 tune
614 2082 788 2121 martyrem
884 2079 939 2112 11.
955 2078 1151 2112 Maximiano
1177 2076 1321 2111 referunt

249 2128 436 2162 Perdueunt
460 2129 503 2161 ad
529 2128 740 2172 Turriculam‚
955 2126 1166 2167 Triumphum
1191 2127 1295 2159 sancti
1320 2127 1482 2168 martyris,

248 2176 359 2209 Arbor
382 2177 452 2217 pini
476 2175 670 2218 profecerat,
955 2175 1068 2208 Jussus
1096 2176 1191 2207 datur
1216 2174 1382 2215 militibus,

249 2224 428 2258 Nautarum
453 2225 557 2258 vicum
583 2225 735 2259 vocitant.
954 2222 1005 2256 Ne
1033 2223 1215 2264 divulgetur
1238 2224 1378 2264 popuh'S.

190 2283 222 2316 6.
248 2282 428 2315 Truncatus
453 2286 528 2322 post
550 2283 629 2315 haec
656 2282 760 2323 capite
884 2281 941 2315 12.
956 2281 1060 2314 Silere
1084 2289 1187 2322 neque
1212 2283 1363 2322 poterant

248 2330 388 2363 Curvato
414 2330 504 2366 cadit,
526 2331 662 2373 poplite,
955 2330 1049 2363 Nova
1074 2329 1196 2363 Christi
1220 2329 1403 2372 praeconia,

248 2378 383 2411 Secutus
417 2376 520 2410 refert
543 2378 681 2418 trophea
947 2379 1042 2419 Quae
1066 2381 1139 2411 acta
1163 2381 1238 2410 suut.
1260 2387 1321 2419 per
1345 2380 1461 2413 merita

246 2426 351 2460 Hoste
375 2428 540 2466 prostrato
565 2425 732 2466 perfide-„³”
753 2435 780 2452 .÷·
954 2426 1065 2459 Sancti
1089 2425 1215 2459 Fidelis
1240 2427 1404 2467 martyris.
