1651 2621
676 84 839 121 -276
897 102 933 108 —-

163 196 194 228 3.
219 192 301 226 Nam
325 189 498 231 prudentes
519 185 725 226 providentes
833 182 863 215 6.
891 178 1013 211 Nolunt
1038 177 1121 210 enim
1144 175 1301 208 assentire

265 240 374 273 Oleum
397 234 598 276 lampadibus
935 225 1059 259 Horum
1083 222 1300 264 voluptatibus

205 288 384 322 Intulerunt
408 286 441 315 et
463 282 619 315 steterunt
892 273 1151 314 contemptisque
1175 270 1292 311 spretis
1314 269 1456 310 ipsorum

261 333 381 375 Vigiles
406 332 439 363 in
456 330 613 371 laudibus,
939 321 1051 355 Pravis
1077 324 1109 352 et
1135 318 1295 352 erroribus

217 382 269 416 Ne
297 381 424 414 delusae
448 379 513 411 sint
537 376 683 409 exclusae
895 370 1115 403 Submiserunt
1139 367 1208 399 ensi
1233 367 1324 398 dirae

264 429 340 462 Cum
365 426 469 459 stultis
494 423 680 465 virginibus.
942 418 1033 451 Colla
1061 425 1131 448 cum
1156 413 1343 447 cervicibus.

160 490 192 522 4.
218 485 331 519 Mundi
355 492 444 516 mare
467 482 610 523 puellare
836 478 867 509 7.
893 476 989 517 Ergo,
1017 473 1152 513 Christe,
1177 481 1250 512 spes
1274 475 1410 509 tuorum,

264 532 436 565 Transiens
462 529 635 571 collegium,
941 522 1025 562 Vita,
1050 522 1136 553 salus
1158 520 1307 562 omnium,

217 582 256 615 In
281 588 341 621 quo
368 582 477 611 cautae
500 577 568 609 Deo
593 577 708 607 nautae
894 571 960 603 Nos
987 569 1141 602 concedas
1165 568 1207 600 ad
1233 568 1363 599 illarum

268 628 340 660 Non
365 627 476 657 timent
499 622 706 663 naufragium,
941 617 1114 651 Pervenire
1138 615 1296 656 gaudium,

221 677 306 717 Quae.
339 673 526 705 scandentes
554 670 638 703 Petri
666 676 778 701 navem
895 666 981 705 Quae
1005 671 1174 705 perennem
1200 664 1386 694 meruerunt

267 722 339 754 Jam
363 721 536 759 sequuntur
559 716 737 750 Dominum.
943 712 1048 746 Vitam
1071 720 1129 751 per
1153 709 1352 750 martyrium.

169 783 200 813 5.
227 779 280 811 Sic
302 786 361 818 per
384 784 471 808 mare
496 772 672 813 navigando
837 772 869 805 8.
895 769 1031 808 Unitati,
1057 768 1196 800 trinitati

273 825 433 857 Venerunt
458 822 628 861 Coloniam,
943 817 1106 850 Solvamus
1131 815 1290 854 obsequia,

223 875 340 905 Austro
364 869 460 904 fiante
483 871 651 900 tenuerunt
898 863 981 904 Ipsis
1006 870 1139 904 quoque,
1165 870 1295 894 numero
1321 869 1401 901 quae

268 918 440 959 Regionem
465 916 614 948 coelicam
945 911 1024 944 Sunt
1047 911 1175 942 undena
1198 910 1297 948 milia,

226 965 415 999 Sustineudo
439 971 632 1004 paganorum
899 958 945 992 Ut
968 961 1041 998 post
1063 966 1188 990 cursum
1211 957 1297 989 vitae
1321 964 1445 988 sursum

271 1014 359 1046 Ictus
385 1014 417 1043 et
440 1010 612 1043 saevitiam.
945 1005 1095 1038 vivamus
1118 1004 1153 1036 in
1178 1004 1289 1045 gloria.

247 1097 330 1125 Brev.
359 1105 411 1123 ms.
437 1094 465 1121 S.
494 1092 587 1120 Salvii
610 1092 772 1120 Florentini
796 1098 870 1117 saec.
896 1087 941 1117 15.
982 1089 1050 1117 Cod.
1076 1089 1261 1117 Riccardian.
1285 1085 1350 1116 372.
1371 1087 1405 1114 A.
1430 1101 1461 1106 —-

170 1138 253 1164 l3rvv.
281 1143 334 1161 ms.
354 1132 627 1161 Vallumbrosanum
654 1137 728 1157 saec.
755 1127 797 1156 15.
818 1129 857 1154 in.
899 1128 969 1155 Ccd.
991 1127 1154 1155 Londinen.
1174 1129 1263 1155 Burn-
1284 1124 1348 1154 333.
1368 1126 1402 1153 B.
1425 1141 1463 1146 -—

171 1174 200 1208 1,
221 1171 238 1201 3
259 1174 372 1207 promat
390 1170 540 1205 rhythmos
559 1169 592 1196 B.
612 1182 649 1187 —
668 1165 699 1202 2,
721 1166 736 1195 1
764 1167 854 1200 Quem
874 1166 906 1194 Β.
926 1182 962 1186 -
983 1163 1014 1199 3,
1036 1163 1056 1193 4
1074 1167 1105 1192 in
1124 1165 1261 1193 laudibus
1280 1164 1355 1192 fehlt
1373 1165 1406 1192 Β.
1426 1178 1464 1184 ν-

167 1210 199 1245 4,
227 1208 245 1238 3
271 1210 334 1237 Deo
361 1211 448 1235 natae
472 1208 505 1235 B.
539 1220 576 1225 —
600 1204 630 1239 5,
658 1202 675 1232 3
701 1214 742 1241 sq.
768 1205 857 1232 flante-
882 1205 1031 1239 regionem
1057 1204 1158 1231 oceani
1184 1205 1341 1230 tenuerunt
1364 1202 1398 1229 B.
1425 1216 1464 1221 -—

171 1246 196 1282 6,
216 1246 234 1276 3
255 1248 320 1275 eine
340 1246 422 1311 {ilbe
439 1254 476 1273 zu
494 1245 569 1279 vie13
595 1243 651 1271 lies
669 1243 792 1270 horum?
812 1256 849 1261 —
868 1240 895 1275 ὃ,
918 1241 935 1270 6
956 1241 1070 1270 Gollam
1090 1250 1155 1269 eum
1174 1242 1208 1269 B.
1228 1255 1266 1260 —
1285 1240 1312 1276 7,
1334 1240 1351 1269 5
1372 1240 1465 1274 Quem

169 1294 323 1323 perennem
369 1304 374 1311 .

611 1400 677 1432 466.
709 1401 751 1432 De
770 1401 881 1432 sancta
898 1399 1022 1431 Ursule.

720 1467 767 1497 Ad
786 1467 913 1497 Laudes.

176 1542 209 1575 1.
235 1539 457 1572 Laetabundus
482 1538 599 1577 psallat
622 1537 755 1569 mundus
850 1537 881 1569 3.
906 1536 1046 1568 Mundus
1067 1536 1218 1567 mundum
1235 1536 1319 1568 hunc
1335 1537 1468 1569 immun-

279 1586 443 1625 Virginum
465 1585 643 1624 praeconia,
1245 1584 1319 1616 dum

234 1635 369 1674 Quarum
393 1633 459 1665 vita
483 1631 572 1663 fulsit
594 1631 641 1663 ita
956 1629 1077 1663 Chorus
1107 1630 1230 1670 spernit
1253 1632 1422 1672 virginum,

282 1680 491 1720 Supernorum
517 1678 629 1721 gratia,
906 1677 975 1709 Nec
1000 1678 1039 1709 de
1063 1677 1179 1709 mundo
1204 1680 1269 1710 tam
1293 1679 1454 1712 immundo

234 1729 281 1762 Ut
304 1735 414 1759 secure
437 1726 546 1758 mortis
573 1725 670 1758 durae
955 1725 1173 1764 Corruptelam
1200 1726 1365 1759 criminum

280 1774 427 1807 Subirent
448 1773 614 1814 supplicia.
908 1772 1113 1812 Contraxere,
1139 1781 1275 1812 sponsae
1298 1783 1394 1807 verae

954 1820 1110 1859 Sponsum
1132 1819 1253 1853 habent
1276 1821 1458 1855 Dominum.

179 1884 210 1915 2,
237 1878 345 1918 Stirpe
370 1878 455 1910 clara
476 1877 546 1909 Deo
571 1886 646 1909 cara
850 1877 883 1909 4.
906 1876 993 1918 Ergo
1019 1877 1148 1909 chorum
1172 1880 1238 1910 tam
1264 1879 1414 1911 decorum

280 1925 400 1958 Ursula
422 1924 616 1963 Britannica,
956 1926 1107 1958 Junctum
1133 1926 1212 1957 coeli
1238 1926 1360 1959 civibus

237 1974 312 2006 Cum
337 1973 468 2004 undenis
493 1980 530 2004 ac
553 1971 689 2003 millenis
915 1971 1105 2005 'Veneremur
1129 1975 1161 2003 et
1185 1982 1353 2013 precemur

284 2020 398 2052 Mundi
422 2019 546 2058 sprevit
567 2018 699 2061 lubrica,
959 2019 1036 2052 Cum
1064 2020 1191 2060 hymnis
1216 2025 1249 2052 et
1271 2022 1433 2062 laudibus,

238 2068 397 2101 Christum
409 2075 567 2108 sponsum,
585 2076 655 2098 cum
673 2066 795 2098 coronis
911 2066 957 2099 Ut
980 2067 1012 2098 in
1039 2068 1135 2100 coelis
1159 2067 1251 2107 plebs
1273 2070 1428 2110 jungatur

284 2114 395 2155 Regna
419 2118 529 2147 tenent
553 2114 680 2146 coelica.
959 2114 1078 2147 Christi
1103 2124 1174 2148 cum
1198 2115 1385 2156 virginibus.

638 2172 656 2203 5
663 2196 670 2205 ,
696 2169 831 2210 Unitati,
856 2170 1004 2203 trinitati.

254 2255 338 2283 Brev.
362 2263 416 2282 ms.
443 2254 474 2281 S.
499 2254 595 2282 Salvii
619 2254 784 2282 Florem-ini
812 2262 887 2282 saec.
913 2253 957 2282 15.
997 2255 1067 2283 Cod.
1088 2256 1273 2284 Rieeardian.
1300 2254 1364 2285 372.
1384 2252 1421 2286 As
1440 2275 1477 2279 -—-

181 2295 265 2322 Brev.
292 2301 344 2320 ms.
364 2292 640 2320 Vallumbrosanum
666 2300 741 2320 saec.
769 2290 812 2320 15.
836 2293 876 2319 in.
918 2292 986 2320 Cod.
1006 2293 1170 2322 Londinen.
1192 2296 1281 2323 Burn.
1307 2293 1363 2325 333
1385 2297 1419 2325 B.
1440 2313 1477 2319 ——

178 2330 206 2367 2,
225 2330 242 2358 5
262 2330 406 2367 Tempore
426 2330 574 2359 Christum
593 2339 734 2367 sponsum
752 2339 818 2358 cum
836 2332 953 2359 coronis
966 2332 1000 2359 B.
1019 2346 1056 2351 —
1070 2329 1098 2366 3,
1118 2330 1138 2361 3
1156 2336 1216 2361 tam
1236 2334 1385 2364 immundo
1404 2336 1480 2365 fehlt

177 2371 210 2398 A.
231 2383 267 2389 —
287 2366 314 2403 4,
334 2367 354 2396 4
372 2367 487 2404 hymms
511 2371 540 2396 et
571 2368 632 2397 ehlt
649 2369 682 2397 E.
