1651 2621
717 129 759 135 ..-
808 109 947 159 391...-

175 205 207 239 3.
234 204 498 239 Praedicatomm
522 207 668 240 ordinem
861 207 892 238 5.
920 204 1124 247 Quaesumus,
1155 205 1266 236 auctor
1291 203 1441 243 omnium,

232 252 362 294 Detegit
384 254 470 285 inter
495 257 628 298 ceteros,
919 252 957 285 In
983 252 1044 284 hoc
1063 251 1210 292 paschali
1235 251 1351 293 gaudio

233 300 281 334 Ut
303 300 407 332 literis
434 303 466 333 et
489 302 631 334 moribus
920 299 972 333 Ab
998 299 1083 332 omni
1107 299 1219 332 mortis
1244 300 1365 340 impetu

232 347 436 380 incumberet
465 348 640 382 ardentius.
923 347 1026 380 Tuum
1053 346 1191 380 defende
1216 348 1377 389 populum.

175 406 208 438 4.
235 404 300 437 Sed
323 414 388 438 non
412 405 494 438 bene
517 405 576 438 sub
601 404 709 439 modio
864 406 895 439 6,
923 405 1036 438 Gloria
1060 405 1129 448 tibi,
1156 406 1303 446 Domine,

233 453 357 486 Lumen
381 454 498 486 ardens
524 454 689 494 occulitur,
926 453 984 493 Qui
1009 454 1176 486 surrexisti
1202 463 1221 485 a
1245 453 1377 487 mortuis

236 502 290 533 Ad
314 502 532 541 praesulatum
556 501 705 542 trahitur,
924 501 1002 535 Cum
1028 504 1120 541 patre
1145 503 1177 533 et
1201 502 1284 533 almo
1308 499 1423 541 spiritu

236 548 362 581 Lucens
386 548 585 582 inflammans
610 550 757 590 populus.
923 549 963 582 In
987 550 1181 589 sempiterna
1205 550 1342 584 saecula,

254 634 364 670 Hymn.
393 643 447 662 ms.
473 636 648 663 Praedicatt.
675 635 883 663 Salmanticen.
917 643 939 662 s.
969 644 998 662 n.
1029 642 1105 663 saec.
1133 632 1177 662 le.
1202 635 1237 662 A.
1265 649 1301 654 υ-
1327 634 1409 662 Offic.
1439 643 1493 662 ms.

179 672 342 701 Florentin.
369 681 445 701 saec.
468 671 512 702 16.
554 673 623 701 Cod.
644 674 803 701 Florentin.
826 673 968 710 Magliab.
989 673 1127 701 XXXVI.
1147 671 1194 700 74.
1215 674 1248 700 B.
1274 687 1306 692 ·-
1327 673 1439 701 Gehiirt
1457 682 1494 700 zu

181 712 238 739 (len
256 711 397 747 Hymnen
415 711 506 739 Atrae
525 713 621 739 noctis
643 712 806 740 obscuritas
829 714 882 740 etc.
921 711 1065 740 Analecta
1084 711 1136 744 Π,
1157 710 1204 739 35.

621 861 668 894 59.
702 862 745 893 Dc
767 861 874 893 sancto
895 860 1058 893 Antonino.

730 947 778 978 Ad
798 948 955 986 vesperas,

185 1027 217 1059 1.
242 1025 398 1058 Antonini
422 1025 586 1069 solemnia,
886 1028 917 1060 6.
945 1026 998 1059 Sic
1021 1034 1103 1065 aqua
1125 1027 1271 1057 truncum
1293 1025 1450 1065 integrum

246 1073 300 1105 Ex
323 1073 449 1113 legione
472 1073 594 1113 militis,
944 1073 1060 1106 Servat
1082 1082 1147 1105 una
1170 1081 1240 1104 cum
1266 1073 1381 1113 capite,

246 1120 428 1153 veneratur
451 1121 617 1153 Placentia
943 1120 1042 1154 Unda
1065 1120 1194 1152 reduxit
1219 1121 1343 1153 alveum

246 1168 310 1201 Pro
335 1171 420 1200 serto
446 1169 495 1200 sui
522 1168 645 1208 capitis.
944 1168 1036 1200 Litus
1065 1170 1194 1209 petente
1217 1171 1368 1208 martyre.

188 1226 221 1260 2.
248 1224 352 1257 Glaris
378 1227 466 1258 ortus
490 1226 678 1266 parentibus
887 1227 918 1258 7.
942 1227 1042 1265 Quem
1066 1233 1167 1265 aquae
1191 1228 1287 1265 atque
1311 1226 1447 1266 aquilae,

248 1273 377 1306 Cunctis
401 1273 507 1306 haesit
528 1273 709 1312 virtutibus,
944 1272 1071 1305 Nautae
1097 1273 1204 1305 colunt
1228 1274 1399 1314 angelicae,

248 1321 313 1353 Sua
343 1321 432 1353 dedit
458 1320 652 1361 pauperibus
946 1320 1026 1353 lllae
1052 1320 1199 1352 custodes
1226 1321 1377 1362 corporiS,

248 1368 371 1401 Nor-ma
395 1366 500 1400 factus
526 1369 690 1402 divitibus
946 1368 1032 1400 Istae
1062 1367 1220 1400 ductrices
1246 1368 1371 1408 capitis,

189 1427 220 1460 3.
247 1425 324 1458 Zelo
350 1434 502 1458 accensus
528 1425 654 1459 fervido
887 1427 918 1459 8.
946 1425 1040 1465 Aqua
1062 1425 1155 1457 rubet
1179 1425 1359 1465 Aegyptiis,

247 1472 368 1506 Locum
397 1474 521 1514 quaerit
544 1473 702 1515 martyrii,
949 1472 1041 1505 Cedit
1070 1472 1268 1513 Israeliticis,

248 1521 402 1554 Sermone
424 1522 502 1554 inde
525 1519 625 1554 fluido
947 1519 1126 1560 vinumque
1148 1518 1187 1553 fit
1209 1521 1243 1553 in
1267 1521 1399 1562 nuptiis,

247 1568 369 1601 Multos
396 1569 554 1602 convertit
577 1568 664 1602 fidei.
949 1568 1014 1600 Sed
1040 1577 1095 1601 vas
1119 1568 1173 1600 hic
1198 1566 1261 1600 fusi
1286 1570 1458 1609 sanguinis.

187 1628 222 1660 4.
247 1626 393 1658 Daemon
416 1626 516 1658 iratus
539 1626 658 1658 acriter
890 1626 922 1659 9.
948 1625 1063 1657 Festus
1090 1623 1207 1657 festum
1231 1625 1370 1658 instituit

248 1675 358 1716 Ipsum
385 1674 526 1706 detraxit
549 1673 689 1716 Caesetii,
948 1674 1031 1706 Toto
1056 1676 1186 1713 recepto
1209 1676 1361 1717 martyre,

247 1722 341 1763 Pugil
374 1721 478 1762 surgit
501 1722 648 1754 celeriter
952 1721 1009 1754 Oui
1032 1721 1137 1753 locum
1160 1731 1245 1754 nunc
1268 1721 1390 1762 tribuit,

251 1770 391 1803 Currens
416 1770 458 1802 ad
485 1778 630 1810 campum
656 1769 770 1803 bravii.
950 1769 1048 1809 Quem
1074 1772 1241 1810 spreverat
1265 1778 1323 1810 pro
1349 1770 1486 1811 hospite.

192 1827 222 1861 5.
250 1828 355 1867 Caput
379 1827 446 1866 ejus
471 1827 717 1868 praescinditur,
881 1828 936 1861 10.
951 1826 1086 1859 Savinus
1111 1827 1196 1859 hunc
1221 1827 1406 1860 Placentiae

250 1874 448 1915 Sanguisque
477 1875 543 1915 ejus
569 1873 724 1916 funditur,
950 1874 1083 1908 Praesul
1108 1875 1208 1907 traxit
1234 1884 1273 1906 ex
1297 1878 1404 1916 puteo,

251 1923 395 1963 Uterque
420 1925 550 1955 truncus
575 1923 738 1966 mergitur,
952 1921 1009 1954 Cui
1033 1922 1137 1954 locum
1161 1931 1220 1963 pro
1245 1923 1355 1963 requie

251 1970 316 2003 Sed
342 1970 463 2003 clarum
487 1971 601 2003 mirum
627 1971 789 2011 panditur.
947 1970 1078 2003 Paravit
1101 1978 1142 2002 ex
1165 1979 1351 2005 marmoree.

533 2029 587 2063 11.
617 2027 738 2068 Gaude,
764 2028 894 2068 placens
921 2027 1094 2068 Placentia,

619 2076 657 2108 In
681 2078 784 2117 patre,
811 2076 912 2116 prole,
937 2073 1075 2119 flamine,

617 2123 729 2157 Sancti
754 2133 869 2164 corpus
893 2124 926 2156 in
946 2124 1054 2164 patria

615 2172 734 2206 Divino
760 2171 882 2205 habens
907 2172 1045 2205 numine.

269 2259 355 2287 Brev.
376 2267 431 2286 ms.
451 2258 657 2286 Placentinum
678 2266 755 2286 saec.
778 2255 822 2285 14.
856 2257 925 2286 (lod¹
948 2256 1043 2294 Capit.
1064 2257 1231 2286 Placentini
1255 2255 1298 2286 18,
1318 2257 1352 2286 Α.
1375 2273 1412 2278 —-
1426 2259 1510 2287 Bm.

190 2306 243 2325 ms.
274 2296 480 2325 Placentinum
510 2305 586 2325 saec.
618 2294 661 2324 15.
709 2296 778 2324 Cod.
813 2295 906 2332 Capit.
935 2296 1101 2324 Placentini
1131 2294 1177 2323 20.
1202 2297 1235 2325 B.
1269 2311 1303 2316 -
1334 2296 1427 2325 Psalt.
1458 2306 1510 2324 ms,

190 2336 397 2364 Placentinum
416 2343 492 2363 saec.
515 2333 588 2364 ¹⁷¹l1c.
623 2333 694 2363 Ood.
717 2334 812 2371 Capit.
833 2335 998 2363 Placentini
1021 2333 1065 2363 66.
1089 2334 1120 2362 O.
1140 2351 1179 2355 -—
1198 2334 1225 2369 5,
1249 2334 1263 2363 1
1284 2336 1464 2371 praeciditur
1482 2336 1511 2366 A,

190 2374 391 2411 praecinditur
412 2373 442 2401 O.
464 2388 501 2393 ——
522 2371 553 2408 5,
575 2372 593 2402 3
615 2374 778 2410 Utrumque
800 2373 834 2401 A.
856 2387 894 2392 —
914 2373 941 2409 8,
962 2370 980 2401 3
1001 2374 1033 2401 in
1052 2373 1127 2402 fehlt
1147 2374 1182 2402 A.
1203 2388 1240 2393 —-
1262 2371 1306 2407 10,
1327 2371 1344 2402 3
1364 2383 1408 2410 sq.
1428 2382 1512 2411 para-

190 2414 235 2440 vit
254 2412 356 2449 requie
375 2412 410 2439 Β,
