1651 2621
761 135 1019 173 —149-

474 232 507 264 2.
531 232 597 264 Hic
621 233 758 274 caelebs,
783 234 921 277 humilia
948 236 1076 266 sanetus
1101 242 1140 266 ac
1162 232 1299 275 sobrius,

534 279 672 321 Superni
695 280 832 314 flaminis
856 282 1009 314 instinctu
1033 281 1196 323 providus,

532 327 658 360 Mariae
682 329 800 361 nubilis
827 329 944 361 dicitur
968 330 1071 362 socius

580 375 680 408 Nucis
704 375 839 409 florente
862 378 998 417 virgula.

475 433 506 467 3.
538 432 616 465 Cum
637 434 705 473 jam
732 434 893 466 dimittere
916 436 1089 466 tumentem
1114 435 1239 466 uterum

531 480 648 521 Vellet,
676 481 848 514 decernere
867 481 999 522 ¹iubetur
1018 482 1144 521 iterum,

532 528 664 560 Plenam
688 529 868 570 traducere,
891 538 951 570 per
975 531 1119 561 sanctum
1145 529 1292 570 spiritum

579 575 650 617 Est,
677 577 763 617 quod
786 578 820 609 in
847 586 883 609 ea
907 580 1017 609 natum
1043 582 1100 610 est.

474 634 507 666 4.
532 632 605 665 Non
631 633 665 665 in
687 634 858 674 propatulo
886 634 1005 674 cogitat
1028 633 1191 674 tremulus,

533 679 597 712 Sed
622 681 723 720 magis
749 682 893 714 clanculo
918 681 1077 715 mandatis
1102 681 1243 721 seduluS‚

533 727 594 759 Dei
619 729 748 761 oraculo
773 738 882 761 somno
908 728 1135 770 praemonitus,

580 775 719 808 Mariam
744 776 833 808 ducit
855 776 1031 817 conjugem.

473 831 504 864 5.
530 831 639 872 Inquit
661 832 887 873 praenuntius:
915 832 976 864 hac
999 832 1078 864 coeli
1102 834 1201 873 J'anua

533 878 683 911 Procedit
707 879 802 920 filius,
822 881 876 920 qui
902 880 988 912 tollit
1013 881 1119 912 omnia

532 927 669 960 Peccata
695 928 824 960 coelitus
852 927 891 959 de
915 927 1027 959 mundi
1052 928 1211 969 machina,

578 974 666 1007 Deus
689 975 792 1015 horno,
821 975 861 1007 de
885 976 957 1007 luce
980 974 1046 1008 lux.

475 1032 506 1065 6.
531 1031 595 1064 Sed
621 1040 690 1063 cum
717 1041 736 1063 a
762 1032 899 1064 Caesare
924 1032 1062 1063 edictum
1089 1032 1248 1071 proditur,

530 1078 652 1118 Joseph
676 1079 869 1118 protendere
893 1078 1082 1111 Bethlehem
1108 1080 1240 1119 cogitur,

528 1126 574 1158 Et
596 1129 724 1166 partum
751 1127 847 1158 edere
870 1127 1005 1158 herilem
1029 1127 1187 1167 promitur

580 1173 684 1207 Castis
701 1175 793 1214 virgo
817 1174 1004 1207 visceribus.

472 1232 502 1263 7.
531 1231 555 1263 O
581 1234 675 1272 pater
700 1231 827 1272 optime,
854 1231 977 1271 Joseph
1002 1230 1157 1274 amabilis,

531 1279 619 1311 Vitia
643 1279 816 1319 comprime
842 1282 991 1311 catervae
1015 1279 1123 1311 labilis

529 1326 667 1367 Tuisque
692 1327 801 1359 tribue
825 1327 911 1358 vitae
933 1326 1107 1358 laudabilis

579 1375 747 1408 Certamen
773 1383 811 1406 ac
833 1374 1011 1407 victoriam.

470 1433 500 1464 8.
527 1432 659 1465 Festiva
685 1433 824 1464 canimus
854 1434 910 1464 tua
934 1432 1087 1464 solemnia

528 1480 619 1512 Totis
643 1480 830 1521 visceribus,
859 1482 894 1511 tu
920 1480 1002 1512 coeli
1024 1480 1168 1519 praemia

527 1527 683 1568 Repende
706 1527 855 1568 plebibus
881 1531 1054 1567 sanctaque
1077 1527 1217 1567 numina,

574 1576 684 1616 Regno
706 1575 824 1608 reddas
849 1575 1034 1608 incolumes.

468 1634 499 1666 9.
527 1632 551 1665 O
577 1641 698 1665 summe
723 1633 848 1674 genitor
872 1641 910 1664 ac
935 1631 981 1664 fili
1007 1631 1124 1672 genite,

532 1680 723 1713 Cunctorum
749 1680 906 1720 conditor,
934 1680 1060 1719 spirans
1085 1679 1252 1720 paraclite,

529 1728 688 1760 Bonorum
712 1730 896 1768 praestitor,
922 1728 996 1760 veni
1023 1728 1063 1759 de
1086 1727 1204 1767 sidere,

576 1775 678 1809 Nobis
705 1780 772 1809 esto
797 1776 967 1817 propitiuS.

306 1853 389 1881 BreV.
415 1860 468 1880 ms.
491 1851 520 1880 S.
542 1852 700 1880 Trinitatis
728 1853 761 1879 in
779 1851 905 1888 Alpibus
931 1853 1001 1878 anni
1026 1848 1107 1878 1455.
1150 1849 1218 1878 Cod.
1238 1851 1430 1879 Laurentian.
1453 1850 1542 1879 Conv.

229 1900 293 1928 sup.
315 1889 380 1919 512.
401 1891 436 1918 A.
456 1905 494 1909 ——
513 1890 598 1919 Brev.
617 1890 897 1918 Vallumbrosanum
917 1890 986 1924 imp.
1011 1897 1033 1915 ἃ
1054 1889 1074 1916 l.
1097 1891 1125 1916 et
1145 1898 1171 1917 a.
1191 1887 1225 1917 B.

678 2040 748 2071 249.
779 2039 823 2071 De
843 2039 951 2071 sancto
973 2039 1096 2080 Joseph.

752 2117 802 2148 Ad
820 2117 1013 2149 Nocturnum.

229 2191 261 2226 1.
286 2191 480 2225 Patriarcha
504 2198 598 2230 quam
623 2188 816 2230 laudandus,
917 2189 951 2222 2.
978 2187 1054 2228 Quis
1078 2185 1205 2220 fidelior
1228 2187 1338 2220 vocari

335 2239 457 2279 Joseph
481 2238 532 2271 vir
553 2237 738 2277 justissime,
1022 2236 1135 2268 Potest
1157 2235 1242 2267 inter
1267 2236 1420 2276 homines,

288 2287 347 2322 Cui
371 2287 513 2321 traditur
537 2286 714 2319 servandus
978 2283 1035 2316 Cui
1061 2284 1178 2316 dantur
1204 2285 1386 2316 conservari

334 2334 438 2369 Filius
464 2334 640 2367 altissimae
1021 2333 1102 2364 Tam
1127 2332 1270 2364 thesauri
1294 2332 1430 2374 nobiles,

284 2384 477 2424 Maiestam&
502 2382 734 2424 nuncupandus
975 2380 1037 2412 Per
1063 2389 1140 2421 quos
1165 2380 1286 2413 habent
1309 2382 1455 2422 reparari

335 2432 478 2473 Virginis
501 2431 742 2465 mundissimae.
1026 2427 1114 2461 Coeli
1138 2429 1230 2469 regni
1256 2430 1394 2465 exsules.
