1651 2621
696 105 932 140 —61—

551 204 583 235 5.
611 202 723 235 Gloria
748 203 789 234 sit
813 212 934 235 summo
960 202 1040 244 Deo,

660 250 715 290 qui
740 250 861 283 creavit
885 251 1001 292 omnia,

611 297 720 338 Atque
745 298 812 338 ejus
835 298 1010 339 unigenito,

661 346 714 386 qui
736 346 873 379 redemit
896 346 1034 387 perdita,

615 393 757 426 Flamini
783 394 902 427 eisdem
923 395 1034 435 juncto

664 450 724 481 per
749 445 879 475 aeterna
903 443 1039 475 saecula.

243 505 323 534 offic.
357 515 410 534 ms.
433 507 614 536 Bobbiensia
643 514 718 535 saec.
742 505 783 535 15.
824 507 893 535 Cod.
913 508 1071 535 Taurinen.
1090 508 1115 536 F
1134 508 1165 536 Π
1185 505 1229 535 22.
1253 523 1287 528 —-
1310 506 1340 542 1,
1361 505 1382 535 4
1399 507 1481 542 regni

172 544 256 571 solio.
277 559 316 564 —
336 543 363 578 5,
384 543 401 573 3
421 546 492 573 Lies
512 546 556 573 Ae
576 545 637 581 ejus
658 546 831 582 unigenito?

630 648 677 679 93.
707 648 749 679 De
769 650 874 680 saneto
896 647 1012 680 Blasio.

709 715 758 745 Ad
777 715 934 753 Vesperas.

170 786 201 819 1.
229 785 334 818 Adest
359 785 439 822 dies,
464 786 548 817 alma
572 786 662 826 quies
858 788 890 818 4.
916 785 994 818 Flos
1019 785 1157 826 virtutis,
1184 785 1255 819 fons
1279 786 1391 818 salutis

278 832 464 865 Recolenda
487 832 598 875 Blasii,
963 833 1009 865 Et
1031 832 1132 866 fomes
1157 834 1353 875 elementiae,

228 881 290 920 Qui
315 889 455 921 superna
478 882 563 921 regis
588 889 688 922 regna
917 881 1043 922 Lingua
1064 881 1172 921 mutis,
1201 881 1379 914 constitutis

276 928 399 960 Nactus
426 931 474 960 est
500 928 616 971 eximii,
962 930 1002 961 In
1026 932 1117 961 antro
1141 929 1321 961 moestitiae

231 976 351 1009 Christi
374 976 466 1008 miles
491 984 645 1015 spernens
670 976 749 1008 viles
914 975 965 1008 Sis
991 976 1109 1016 adjutis
1135 977 1174 1008 de
1198 980 1231 1008 te
1255 976 1331 1008 tutis

280 1023 393 1056 Carnis
420 1032 496 1063 opes
521 1023 666 1063 praemii.
959 1024 1155 1064 Impetrator
1179 1025 1310 1064 gratiae.

171 1084 201 1115 2.
230 1080 327 1114 Sidus
352 1080 441 1124 nitet,
469 1083 505 1112 u'c
529 1081 626 1112 evitet
855 1081 886 1113 5.
913 1082 1003 1121 Auge
1027 1090 1131 1113 mores
1155 1081 1294 1121 potiores

275 1128 374 1161 Fides
399 1129 510 1160 mundi
533 1129 690 1168 scopulos,
959 1128 1004 1160 Et
1027 1128 1184 1161 medelam
1210 1129 1386 1170 vulnerum,

228 1176 273 1208 Et
297 1176 339 1209 ad
365 1176 449 1209 vitae
474 1176 548 1208 litus
573 1176 651 1208 mine
913 1176 999 1215 Quae
1025 1177 1150 1209 dolores
1176 1179 1208 1208 et
1230 1176 1398 1217 languores

276 1223 397 1256 Mentis
422 1222 498 1264 figat
524 1226 642 1262 oculos,
961 1223 1053 1256 Omni
1077 1226 1191 1264 purget
1216 1224 1384 1265 scelerum,

230 1271 279 1304 Ne
306 1271 448 1303 dirorum
473 1271 672 1303 Avernorum
914 1270 964 1303 Ne
988 1274 1127 1303 terrores
1153 1273 1293 1304 acriores

276 1319 412 1352 Fluctus
437 1321 584 1359 mergant,
606 1319 761 1352 servulos.
959 1318 1143 1351 Mereamur
1168 1319 1347 1354 verberum.

170 1379 202 1411 3.
229 1376 415 1410 Sebastinus
441 1376 499 1408 sed
527 1376 652 1408 divinus
855 1378 885 1410 ὅ.
912 1375 1028 1408 Sancte
1052 1376 1151 1418 Blasi‚
1178 1386 1238 1417 per
1262 1379 1295 1408 te
1320 1377 1409 1417 quasi

278 1424 410 1457 Praesu'l
437 1424 480 1455 sit
503 1423 661 1464 propitius
961 1424 1040 1464 Spes
1067 1423 1230 1457 confertur
1253 1425 1424 1467 languidis,

229 1472 330 1505 Nobis
358 1472 479 1504 eunctis
503 1471 600 1503 laude
624 1470 743 1504 functis
911 1471 941 1503 A
967 1474 999 1502 te
1023 1474 1098 1504 vota
1122 1472 1186 1504 sint
1209 1475 1347 1505 ammota

276 1519 429 1553 Precibus
450 1519 631 1559 instantiuS,
959 1519 1074 1552 Nautis
1100 1519 1186 1552 orbis
1210 1519 1349 1560 pavidis,

225 1567 271 1601 Ut
295 1568 335 1600 ad
364 1566 493 1600 chorum
518 1576 728 1607 supernorum
911 1566 1082 1609 Eruamur,
1108 1577 1149 1600 ne
1173 1568 1339 1601 laedamur

276 1614 340 1648 Vos
365 1615 522 1657 perducat
548 1614 650 1649 citius
959 1614 1046 1647 Telis
1071 1615 1170 1648 hostis
1195 1615 1307 1649 invidi.

524 1674 555 1705 7.
582 1671 663 1714 Regi
687 1675 778 1704 terno
804 1673 970 1704 coaeterno

629 1720 727 1753 Plebs
754 1722 786 1751 et
809 1719 921 1752 laudes
947 1720 1103 1760 concinat,

584 1768 643 1800 Oui
667 1770 776 1801 coetus
800 1770 910 1800 noster
935 1767 1038 1800 laetus

628 1817 765 1849 Preeum
786 1819 862 1848 vota
886 1816 1035 1856 geminat,

583 1864 651 1904 Ipsi
678 1864 784 1906 decus,
813 1866 928 1896 cuneta
951 1872 1042 1896 secus

632 1913 705 1945 Jam
729 1920 789 1951 per
814 1911 924 1943 orbem
946 1912 1081 1944 intonat.

244 1979 329 2007 Brev.
351 1977 654 2007 Gallicano-Siculum
674 1978 743 2012 imp.
758 1977 892 2005 venetiis
909 1974 990 2005 1527.
1012 1991 1049 1996 -—
1070 1975 1095 2011 2,
1120 1975 1134 2004 1
1157 1979 1191 2004 ut
1209 1980 1239 2005 efi
1259 1979 1341 2005 nitet.
1366 1992 1402 1997 -—
1424 1976 1449 2010 2,
1471 1975 1483 2005 3

165 2018 255 2048 lutus.
276 2032 313 2037 -
337 2016 362 2050 7,
387 2015 401 2045 1
421 2016 497 2053 Regi
517 2017 603 2044 trino.
624 2030 658 2035 —
682 2014 707 2049 7,
729 2013 746 2042 2
766 2015 868 2042 laudes
890 2017 985 2043 canai.

631 2117 679 2149 94.
710 2115 755 2148 De
775 2116 883 2150 sanato
904 2115 1018 2148 Blasio.

725 2185 775 2216 Ad
793 2185 923 2217 Laudes.

166 2261 199 2294 l.
223 2260 250 2293 O
276 2260 416 2300 gloriosa
439 2258 575 2291 militum
855 2258 888 2289 2.
914 2256 1110 2297 Spernentes
1126 2256 1279 2288 mundum
1297 2256 1481 2297 languidum

228 2307 363 2347 Corona,
390 2315 448 2339 rex
473 2308 506 2338 et
529 2305 675 2350 Domine,
912 2304 992 2337 Cum
1017 2304 1166 2337 vitiorum
1191 2305 1296 2337 sooria

225 2355 394 2396 Spondens
419 2354 566 2394 polorum
590 2355 738 2387 meritum
914 2354 1102 2387 sanatorum
1127 2362 1239 2394 agmen
1263 2351 1413 2386 floridum

226 2404 293 2438 Pro
319 2400 429 2442 fragili
455 2403 636 2435 certamine.
917 2401 1113 2442 Contingunt
1137 2402 1216 2434 coeli
1240 2401 1384 2443 gloriam,
