1651 2621
710 133 969 168 *189*

428 230 459 260 5.
481 228 583 260 Trina
605 228 746 269 refulget.
771 228 926 269 dignitate
949 237 1126 269 munerum,

484 274 598 306 Refert
623 279 656 306 ut
683 284 775 307 omne
801 275 995 307 concinendo
1022 275 1193 315 saeculum,

483 321 702 362 Evangelista,
729 325 852 362 martyr
878 323 910 353 et,
932 321 1106 362 apostolus,

485 368 575 407 Quod
599 369 666 400 tale
690 369 772 401 nulli
798 370 838 400 de
862 368 928 400 suis
954 369 1154 401 consortibus

484 416 620 448 Videtur
643 424 780 455 unquam
807 416 977 456 contigisse
1001 417 1188 455 praemium.

426 482 456 515 6.
485 480 604 513 Gentes
629 481 809 520 propinquo
835 482 911 513 solis
934 485 1022 513 ustas
1049 482 1176 513 climate

484 528 639 569 intusque
662 528 781 560 tinctas
808 529 973 561 criminum
999 527 1143 569 fuligine,

484 576 534 607 Ne
558 576 670 608 mortis
696 579 766 608 atra
792 580 960 616 vergerent
986 577 1129 617 caligine,

484 623 597 655 Nitere
626 622 705 655 fecit
728 628 835 656 mente
862 625 935 656 dum
962 623 1101 656 fideliter

483 670 589 712 Signis
615 674 648 702 et
672 671 756 703 almo
780 672 932 704 liberavit,
956 671 1085 705 famine.

427 740 458 771 7.
481 738 657 777 Matthaee,
685 741 791 778 grates
817 739 953 776 debitas,
981 740 1135 779 apostole,

481 785 587 827 Digne
612 789 737 818 tuorum
764 787 880 819 civium
903 787 969 827 J'am
995 787 1130 831 suscipe,

482 834 565 873 Quos
592 833 645 866 fac
668 833 709 866 ab
736 835 820 866 omni
847 843 915 866 esse
941 838 1025 866 tutos
1051 835 1191 879 crimine,

484 882 526 914 Ut
553 890 587 913 sc
610 880 717 913 futuro
744 883 884 914 sentiant
908 882 1052 914 examine

484 929 556 961 Tali
581 932 717 969 patrono
742 931 889 970 paruisse
913 934 1055 964 strenuo,

423 997 454 1029 8.
483 996 532 1028 Sit
556 996 694 1028 trinitati
719 1005 842 1028 summa
865 996 934 1028 laus
961 999 993 1028 et
1016 997 1128 1038 gloria,

483 1042 576 1075 Salus
601 1044 766 1083 honorque
788 1052 906 1083 perpes
931 1047 964 1074 et
987 1044 1142 1085 potentia,

483 1091 627 1130 Simplex
654 1094 684 1122 et
710 1101 773 1123 una
797 1100 857 1131 gen
884 1118 891 1125 .
922 1120 928 1123 .
961 1120 964 1126 .
990 1091 1172 1133 aeternitas,

482 1138 527 1169 Et
552 1147 645 1177 quam
672 1142 780 1171 creata
806 1137 996 1170 confitentur
1021 1139 1127 1170 omnia

483 1185 544 1217 Per
570 1189 685 1218 cuncta
708 1195 835 1226 semper
860 1188 1058 1219 saeculorum
1083 1186 1218 1218 saecula.

257 1270 328 1297 Coti.
349 1270 465 1299 Oasien.
486 1268 543 1299 280
569 1279 645 1299 saec.
667 1269 713 1299 11.
734 1272 790 1299 mit
808 1271 940 1299 Neumen
958 1271 1091 1306 (Ughelli
1110 1271 1142 1299 Π
1161 1268 1263 1304 1089.)
1285 1285 1321 1290 -
1343 1270 1368 1302 1,
1389 1270 1409 1297 4
1431 1277 1498 1297 con-

176 1307 283 1335 ferunt.
303 1323 342 1328 —-
362 1306 393 1342 2,
414 1307 434 1336 4
454 1310 627 1345 iterumque.
647 1324 686 1329 -—
707 1307 731 1343 6,
756 1308 770 1337 1
792 1324 828 1328 —
851 1310 921 1337 Lies
945 1310 1100 1337 calimatc⁰
1121 1323 1157 1328 -
1178 1306 1204 1342 8,
1226 1306 1243 1335 3
1264 1317 1326 1345 sqq.
1366 1308 1431 1336 Nur
1451 1308 1499 1335 die

176 1345 298 1373 Worte:
331 1345 463 1383 Simplex
490 1351 518 1375 et
543 1348 610 1375 sintl
634 1347 712 1375 noch
737 1348 848 1382 lesbar‚
875 1348 926 1375 der
949 1348 1023 1375 Rest
1045 1348 1087 1374 ist
1112 1347 1314 1383 ausgelbscht3
1342 1345 1391 1374 ich
1416 1346 1500 1373 kann

178 1383 240 1412 also
267 1384 322 1412 den
350 1385 398 1412 bei
419 1385 541 1422 Ughelli
562 1385 627 1413 hier
652 1385 860 1414 liickenhaften
881 1386 957 1414 Text
981 1385 1064 1413 nicht
1089 1385 1241 1421 ergiinzen.
1281 1384 1435 1412 Vei-fasser
1458 1385 1500 1411 ist

177 1421 374 1459 Alphanus
395 1431 468 1451 von
489 1423 655 1452 Salerno.

610 1564 678 1595 322.
709 1564 754 1595 De
774 1565 883 1595 saneto
904 1563 1073 1595 matthaeo.

374 1644 406 1677 1.
433 1643 582 1686 Laetare,
609 1646 722 1684 mater,
746 1644 890 1684 parturis
916 1652 998 1684 quae
1021 1642 1114 1683 filios,

429 1690 583 1724 Fecunda
607 1690 707 1732 virgo,
734 1700 862 1732 semper
888 1694 920 1723 et
943 1691 1141 1733 purissimos,

430 1740 514 1778 Quos
539 1739 672 1780 lympha
694 1742 805 1780 partus
832 1739 900 1771 edit
923 1742 1019 1779 atque
1043 1739 1176 1779 spiritus

429 1787 505 1819 Tibi
529 1795 588 1827 per
614 1796 722 1819 omnes
744 1788 900 1819 motiones
922 1789 1112 1827 temporum.

373 1856 406 1888 2.
434 1854 575 1885 Primum
599 1854 713 1885 salutis
737 1856 803 1885 tam
827 1862 919 1885 sacro
944 1854 1096 1893 mysterio

431 1901 662 1941 Apostolorum
688 1900 791 1942 fulges
818 1910 856 1932 ex
883 1900 1016 1940 collegio

431 1948 524 1980 Nites
555 1951 586 1979 et
612 1957 679 1988 ejus
704 1948 814 1980 inclito
842 1948 1023 1990 certamine,

433 1996 490 2030 Cui
518 1997 574 2028 dat
597 1995 776 2035 triumphos
801 1995 907 2027 laudis
933 1995 1070 2027 mundus
1095 1994 1156 2026 hac
1182 1994 1243 2027 die.

374 2066 405 2097 3.
433 2063 494 2095 Est
519 2063 600 2094 haec
623 2061 783 2094 Matthaei
808 2061 926 2093 nobilis
952 2059 1120 2098 festivitas,

431 2111 548 2143 Modos
574 2112 725 2142 sonantes
752 2108 861 2141 dulces
886 2109 919 2140 in
942 2109 1086 2147 ecclesia,

430 2159 536 2200 Lyras
559 2160 596 2189 ut
621 2166 741 2197 omnes,
767 2156 891 2189 fistulas
916 2159 948 2187 et
973 2159 1127 2196 tympana

433 2206 613 2239 Praecellat
638 2215 657 2237 a
682 2208 714 2237 te
743 2204 902 2236 cantilena
928 2203 1067 2238 condita,

374 2277 406 2309 4.
434 2275 544 2307 Utaris
569 2274 655 2305 idem
682 2271 736 2304 fac
760 2271 834 2308 tuis,
861 2270 1014 2313 apostole,

429 2322 517 2354 Loco
539 2321 694 2362 magistri,
722 2327 847 2359 voxque
872 2318 899 2349 si
925 2318 1001 2358 quid
1030 2318 1149 2350 dissoni

433 2369 532 2402 Sonat
557 2371 692 2402 canente
717 2368 823 2407 plebe,
850 2366 936 2398 claro
964 2366 1121 2406 dogmate,

432 2417 506 2450 Tibi
536 2418 688 2450 decenter
712 2418 747 2447 ut
772 2415 880 2455 placet
903 2414 959 2454 sic,
987 2415 1119 2455 corrige.
