1651 2621
690 106 923 144 *τις-1

557 227 611 260 116.
640 229 683 261 De
704 229 810 261 sancto
834 229 1065 271 Gllristop-horo.

698 316 747 346 Ad
766 316 922 355 Vesperas.

183 430 190 436 .
218 404 472 445 Christophorus‚
500 405 552 445 qui
579 405 709 437 decorus
839 408 871 439 4.
894 406 970 438 Jesu
996 407 1078 448 duci,
1104 414 1199 438 verae
1224 405 1297 442 luci,

263 452 345 492 Regi
370 450 447 483 fecit
470 452 658 491 homagium,
943 453 1054 486 Mente
1077 453 1229 493 proponit
1251 451 1382 484 foedere

216 500 262 531 Te
287 499 424 542 volebat,
457 501 489 530 te
514 500 695 540 quaerebat,
897 500 1044 542 obedire,
1073 500 1234 532 deservire

263 545 456 587 Christe,
489 546 732 587 redemptor
943 548 1030 580 ,Iam
1054 548 1166 580 lucis
1190 548 1284 578 orto
1305 544 1462 575 sidere.

505 603 691 626 omnlum·
839 615 869 646 5.
896 614 1048 653 Princeps
1073 613 1185 645 harum
1211 610 1413 643 tenebrarum

184 686 190 693 .
220 660 320 693 Cruee
344 662 481 692 tremens
508 669 564 692 cur
588 663 620 691 tc
641 660 777 694 fremens
945 662 1053 695 Crucis
1078 661 1189 692 horret
1212 658 1390 699 imperium.

265 707 445 750 Cousignas‚
473 716 529 738 rex
554 705 750 740 fortissime‘.³
894 708 960 747 Quo
987 708 1152 740 damnatus
1178 709 1225 738 est
1251 706 1377 746 fugatus

215 754 396 786 invocando
424 754 624 793 replicando:
941 755 1068 788 Primo
1103 755 1250 786 dierum
1283 753 1461 784 omnium.

264 801 368 833 Coeli
393 801 493 833 Deus
519 803 777 835 sanctissime.
838 822 868 853 6·
896 820 1045 852 Sanctum
1069 821 1149 853 hora
1173 820 1242 852 sine
1266 828 1356 851 mora

182 894 189 901 .
214 868 284 900 Rex
307 868 360 899 hic
382 876 491 906 magus
516 870 620 899 mente
646 877 741 909 vagus
944 869 1016 900 Hac
1037 876 1191 907 nusquam
1207 865 1464 907 praesumptorie

260 914 424 946 Invocavit
448 917 497 945 ter
523 914 681 953 Satyrum,
895 915 1080 957 Illustrasti‚
1106 924 1179 947 mox
1204 913 1332 953 afflasti,

213 961 283 1002 Ego
308 961 421 992 timens
447 963 480 992 et
503 959 675 997 confidens,
943 962 1131 993 Sum-mae
1147 962 1256 994 Deus
1275 961 1462 993 clemen-

262 1007 340 1039 Rex
364 1007 533 1047 gloriose
556 1012 777 1049 martyrum.
1232 1010 1331 1040 tiae.

417 1075 448 1107 7.
475 1072 602 1104 Summo
627 1074 712 1112 patri
737 1074 779 1105 sit
805 1075 836 1104 et,
859 1073 952 1104 fratri

521 1119 626 1151 Decus
653 1122 685 1152 et
705 1121 806 1153 honor
829 1120 951 1163 latriae,

476 1166 595 1205 Quibus
618 1166 732 1199 flamen
760 1167 839 1200 dicit
863 1168 976 1207 Amen,

522 1214 736 1254 Splendor
760 1217 970 1255 paternae
995 1214 1174 1254 gloriae.

226 1298 310 1325 Brcv.
332 1305 384 1324 ms.
400 1297 495 1325 lallis
513 1297 675 1326 Umbrosae
695 1306 770 1326 saec.
793 1296 837 1326 15.
873 1298 943 1326 Cod.
955 1297 1145 1326 Laurcntiau.
1164 1298 1254 1326 Gonv.
1269 1307 1332 1334 s.up
1346 1297 1411 1327 457.
1426 1314 1464 1318 —

151 1333 178 1367 3,
201 1334 219 1362 2
238 1336 367 1363 Invocat
388 1350 426 1355 —
450 1337 474 1368 ὅ,
500 1333 515 1362 1
539 1342 599 1363 ora.

554 1492 607 1525 117.
637 1494 680 1525 Dc
701 1494 810 1525 sanet-0
832 1494 1060 1535 Chris-tophoro.

682 1579 730 1608 Ad
748 1578 940 1610 Nocturnum.

179 1691 185 1698 .
210 1667 246 1698 In
272 1669 451 1698 sanctorum
479 1666 609 1707 collegio
831 1669 863 1700 4.
893 1667 1009 1700 Caesus
1036 1671 1084 1700 est
1108 1669 1205 1709 virgis
1232 1669 1358 1711 ferreis,

210 1713 337 1745 Laudes
363 1712 477 1745 festive
501 1716 659 1755 resonant,
892 1715 997 1755 Ignita
1020 1725 1149 1755 pressus
1176 1718 1300 1750 casside

210 1760 293 1792 Dum
322 1761 520 1800 congaudent
546 1761 772 1801 Ghristophoro
890 1761 936 1793 Et
960 1763 1083 1802 sagittis
1108 1764 1282 1797 innumeris

211 1808 354 1849 Hymnos
379 1811 559 1847 promentes
582 1808 730 1847 jubilant.
894 1808 990 1842 Casso
1016 1811 1134 1849 petitus
1160 1812 1302 1846 vulnere.

176 1900 184 1908 .
213 1874 383 1907 Conclusus
408 1875 478 1914 ipse
500 1874 650 1915 tenebris,
835 1878 865 1910 5.
893 1875 998 1918 Stans,
1025 1885 1128 1920 oram,
1158 1882 1254 1918 caput
1278 1880 1457 1923 profereus,

212 1922 290 1955 Cum
314 1922 369 1954 lux
393 1921 531 1962 refulget
556 1923 683 1962 coelica,
893 1923 1024 1956 Terram
1050 1924 1231 1965 relinquens
1256 1927 1371 1968 animo,

211 1969 330 2010 Fulgor
355 1969 539 2009 resplendet
563 1970 700 2002 aetheris
893 1970 1011 2002 Ensem
1036 1980 1208 2011 poenosum
1232 1973 1399 2013 perferens

213 2017 323 2049 Cordis
346 2017 511 2049 illustrans
535 2017 656 2050 intima.
894 2017 935 2049 Se
959 2019 1094 2058 praebet
1119 2021 1198 2052 coeli
1222 2021 1370 2056 Domino.

177 2109 184 2116 .
211 2083 264 2115 Sic
288 2082 366 2114 dans
391 2082 517 2122 puellae
541 2084 661 2122 duplici
835 2086 866 2118 6.
890 2084 1032 2127 Praesta,
1059 2087 1151 2125 pater
1175 2086 1317 2126 piissime

210 2130 396 2162 Doctrinam
426 2129 634 2170 salutiferam,
894 2131 1045 2171 Patrique
1075 2141 1203 2173 compar
1227 2136 1328 2177 unice,

211 2178 373 2218 Martyres
398 2175 476 2210 facit
500 2177 629 2211 Domini
894 2179 972 2211 Cum
996 2180 1111 2219 spiritu
1135 2183 1290 2221 paraclito

212 2225 294 2265 Quas
319 2225 496 2265 praemittit
520 2227 562 2258 ad
587 2226 729 2265 gloriam.
894 2226 988 2258 Nunc
1013 2229 1043 2258 et
1067 2236 1127 2267 per
1151 2238 1243 2261 omne
1268 2234 1439 2268 saeculum,

225 2310 312 2337 Brev.
331 2317 384 2337 ms.
398 2309 495 2337 Vallis
506 2310 670 2338 Umbrosae
689 2317 765 2337 saec.
788 2308 824 2337 15
863 2309 932 2338 Ood.
946 2311 1135 2339 Lam-entiam
1148 2313 1238 2341 Conv.
1253 2323 1307 2352 sup
1311 2315 1396 2345 .457.
1423 2334 1461 2339 -

153 2347 184 2382 1,
209 2346 227 2376 3
249 2346 407 2383 congaude.
429 2363 463 2367 —
487 2345 517 2381 1,
544 2347 564 2375 4
583 2350 741 2383 promente.
763 2364 800 2369 -
819 2346 850 2382 2,
871 2346 889 2377 3
909 2349 1035 2386 Fulgore
1054 2350 1175 2386 splende
1195 2325 1308 2382 ceterisp.
1332 2370 1366 2375 —
1388 2355 1422 2390 3,
1444 2356 1462 2385 2

150 2387 300 2415 Doctrina.
321 2402 358 2406 —
378 2382 405 2419 3,
425 2384 445 2413 4
463 2387 615 2422 promittit.
