1651 2621
725 150 982 186 *108*

428 250 461 282 4.
487 248 618 281 Satorus
644 251 685 289 et,
716 248 766 280 eui
790 256 903 280 nomen
927 247 1028 280 honor
1054 246 1153 287 dedit,

484 297 629 329 Fortuna
657 295 791 328 fratrum
816 295 958 328 nominat
980 296 1134 333 ultimum,

486 345 569 383 Quos
593 352 718 385 semper
742 352 838 375 unum
862 343 971 375 vivere
994 343 1045 375 vel
1070 342 1150 374 mori

486 391 548 422 Tui
571 392 697 432 peregit
720 390 826 431 gratia
847 390 989 430 spiritus.

429 458 460 490 5.
485 457 606 489 Horum
631 460 762 497 precatu
788 455 871 488 filius
895 457 1007 488 unicus

485 504 547 537 Est
569 505 748 537 Restitutae
771 504 936 535 incolumis
963 504 1066 547 datus,

487 552 584 590 Quem
607 552 656 584 vis
680 551 812 584 nefandi
835 551 996 583 daemonis
1020 550 1151 583 horride

487 600 628 631 vexarat
656 603 749 631 atrox
773 601 916 638 tempore
938 599 1085 638 plurimo.

430 666 462 698 6.
487 666 608 698 Horum
636 666 768 704 precatu
792 673 849 695 nos
874 673 997 704 quoque
1020 663 1178 704 poscimus

487 712 543 754 Te,
572 711 706 754 Christe,
732 711 801 743 laus
827 714 859 742 et
880 712 980 751 gloria
1003 713 1188 751 martyrum,

486 759 533 792 Ut
555 768 575 790 a
598 757 746 790 nefandis
772 758 976 790 daemonibus
1001 762 1072 791 tuos

486 806 622 838 Servans
646 805 758 837 fideles
782 805 921 845 undique
944 808 1103 847 protegas

454 898 460 904 .
485 871 607 902 Horum
631 874 763 911 precatu
789 871 921 902 crimina
947 871 1062 914 deleas,

488 918 695 950 Remissionis
720 926 851 949 munera
875 917 1020 949 conferas

488 964 534 996 Et
555 973 613 996 nos
637 973 746 996 eorum
767 965 901 1004 jungere
924 966 1028 996 coetui

489 1011 631 1051 Dignare
654 1020 788 1052 semper,
813 1012 914 1051 gloria
937 1015 1122 1053 martyrum.

456 1104 463 1112 .
489 1077 538 1109 Sit
560 1078 699 1109 trinitati
724 1077 825 1118 gloria
848 1078 970 1117 unicae,

489 1125 609 1167 Virtus,
636 1128 788 1164 potestas,
813 1133 934 1157 summa
957 1125 1111 1165 potentia,

486 1172 630 1211 Regnum
654 1173 814 1203 retentans
839 1181 920 1211 quae
945 1172 1029 1204 Deus
1054 1181 1133 1204 unus
1159 1174 1218 1212 est,

488 1219 551 1250 Per
575 1221 688 1250 cuncta
712 1226 837 1257 semper
861 1220 987 1251 saecula
1011 1219 1139 1252 saeculi.

283 1293 396 1328 Hymn.
425 1301 478 1319 ms.
513 1292 543 1319 S.
572 1293 700 1328 Sophiae
730 1293 926 1321 Beneventan.
960 1302 1034 1321 saec.
1066 1291 1109 1320 11.
1160 1290 1228 1320 Cod.
1257 1293 1442 1328 Neapolitan.
1463 1293 1507 1319 VI

204 1330 231 1357 E
250 1328 298 1358 42⁰.
320 1345 358 1349 —
378 1330 444 1358 Von
464 1330 514 1357 der
532 1330 697 1366 Doxolog-ie
715 1339 770 1357 nur
790 1330 841 1357 der
853 1331 983 1366 Anfang;
1004 1332 1062 1368 vgl.
1076 1330 1162 1358 Anal.
1175 1330 1248 1357 XIV
1267 1339 1293 1363 a,
1316 1329 1378 1358 108.
1405 1346 1430 1351 --
1449 1331 1509 1358 Die

204 1368 288 1395 Abfas
297 1377 372 1404 sung
393 1367 486 1395 dieses
501 1368 637 1402 Hymnus
658 1368 748 1396 durch
763 1368 916 1403 Alphanus
934 1369 1006 1396 liisst
1024 1369 1087 1396 sich
1108 1367 1192 1395 nicht
1212 1370 1366 1405 erweisen3
1387 1369 1438 1396 der
1452 1368 1506 1396 Ge-

206 1405 302 1433 danke
321 1414 359 1433 an
378 1406 431 1433 ihn
451 1405 521 1433 aber
540 1405 602 1441 legt
622 1406 685 1433 sich
705 1405 771 1434 sehr
784 1406 867 1433 nahe.

568 1514 626 1546 176.
654 1515 687 1546 In
708 1515 889 1546 Sanctorum
908 1515 964 1546 VII
982 1516 1136 1547 Fratrum.

208 1584 237 1616 1.
264 1585 335 1617 Jam
356 1592 447 1616 sacra
471 1584 538 1615 dies
562 1593 666 1616 annua

263 1630 363 1662 Nobis
387 1631 515 1663 reduxit
538 1632 662 1672 gaudia,

264 1678 351 1716 Quae
374 1680 554 1710 sanctorum
579 1679 692 1710 eximio

264 1725 378 1757 Dieata
404 1728 452 1756 est
475 1726 638 1765 martyrio.

206 1792 238 1825 2.
264 1791 385 1823 Horum
409 1790 503 1822 beata
525 1792 652 1824 nomina

263 1838 308 1870 Et
330 1838 553 1877 triumphalem
579 1840 711 1879 gloriam

262 1885 489 1926 Deprecamur,
514 1888 550 1917 ut
573 1890 714 1918 annuant

263 1933 363 1965 Nobis
387 1934 533 1974 polorum
557 1934 682 1973 gaudia.

206 2001 238 2033 3.
263 1999 353 2031 Haec
376 2008 506 2039 magnus
531 2000 712 2040 Januarius,

264 2047 324 2086 Qui
346 2047 468 2087 primus
494 2049 543 2078 est
567 2056 606 2078 ex
630 2046 794 2089 fratribuS,

263 2094 372 2126 Felice
397 2102 467 2125 eum
490 2093 657 2134 magnifico

265 2141 426 2174 Concedat
449 2143 488 2174 ab
513 2142 676 2174 altissimo.

205 2209 238 2241 4.
264 2208 359 2240 Alma
383 2207 525 2248 Philippi
549 2209 653 2248 gratia

263 2255 358 2287 Nune
380 2255 497 2287 nostris
522 2256 603 2287 votis
630 2255 745 2297 faveat,

264 2302 369 2335 Sacris
390 2302 489 2335 Silani
512 2304 660 2343 precibus

265 2350 375 2383 Solvat
398 2359 417 2383 a
440 2351 550 2382 mortis
575 2352 718 2386 nexibus,

884 1587 914 1618 5.
940 1585 1118 1618 Alexandri
1140 1585 1289 1627 suffragia

941 1632 1007 1664 Nos
1035 1643 1055 1664 a
1080 1633 1204 1664 delictis
1229 1634 1370 1675 abluant,

942 1679 1056 1712 Vitalis
1079 1680 1134 1720 pia
1157 1681 1273 1713 merita

940 1728 1082 1760 Aeterna
1105 1731 1239 1767 poscant
1263 1729 1414 1768 praemia.

909 1818 916 1825 .
941 1793 986 1825 Et
1006 1794 1189 1826 Martialem
1214 1795 1382 1834 septimum

941 1841 1045 1872 Valde
1068 1841 1209 1881 rogando
1234 1843 1380 1884 petimus,

943 1887 1019 1919 Cum
1043 1891 1144 1920 matre
1165 1890 1379 1922 sacratissima

940 1934 986 1967 Ut
1012 1936 1133 1967 miseris
1157 1936 1335 1970 subveniat.

909 2025 916 2033 .
942 2000 1007 2033 Sed
1031 2002 1142 2042 magiS‚
1169 2012 1186 2034 o
1211 2005 1420 2046 sanctissime,

942 2048 1049 2080 Silane
1073 2052 1108 2080 tu
1133 2050 1317 2093 clarissime,

942 2097 1080 2129 Preoare
1104 2097 1298 2137 unigenitum

943 2144 1006 2176 Pro
1030 2144 1122 2176 nobis
1145 2144 1208 2176 Dei
1230 2144 1339 2179 fflium.

910 2235 917 2242 .
944 2210 1003 2249 Qui
1029 2220 1099 2242 cum
1122 2214 1214 2251 patre
1240 2212 1352 2245 deifico

941 2258 987 2289 Et
1009 2258 1124 2298 spiritu
1148 2259 1274 2292 vivifico

941 2306 1033 2339 Unus
1059 2308 1106 2338 est
1130 2307 1165 2338 in
1193 2309 1330 2340 essentia

942 2353 1005 2385 Per
1028 2353 1154 2386 infinita
1177 2356 1314 2389 saecula.

281 2427 365 2454 Brev.
385 2434 439 2454 ms.
459 2425 489 2453 S.
509 2426 638 2462 Sophiae
656 2427 854 2455 Beneventan.
876 2435 951 2455 saec.
974 2427 1017 2456 11.
1054 2429 1123 2457 Ood.
1143 2430 1330 2467 Neapolitan.
1350 2433 1394 2461 VI
1414 2432 1441 2460 Ε
1460 2431 1507 2462 43.
