1651 2621
714 114 970 150 —194-

191 209 222 241 7.
249 207 345 250 Signo
368 209 469 240 crucis
494 209 635 241 eliminat
882 212 913 244 9.
940 209 1061 242 Ourans
1085 208 1218 249 Eglippi
1239 208 1341 240 filium

247 255 386 298 Morbos,
414 256 555 288 auditum
579 260 710 295 reserat,
939 256 1086 289 Sacravit
1105 255 1348 295 Euphigeniam,

248 301 434 334 Fascinatos
458 303 624 346 illuminat,
939 303 1062 335 Turbas
1086 302 1166 335 lavit
1190 302 1353 343 gentilium

248 349 377 380 Veneno
400 349 486 388 ipsos
510 350 637 382 liberat.
938 349 1102 389 Baptismo
1128 350 1248 381 donans
1273 348 1409 380 veniam.

190 425 221 457 8.
247 423 375 463 Angues
399 432 561 464 magorum
587 425 717 456 crimine
870 425 924 457 10.
939 425 1022 457 Dum
1048 427 1149 456 certat
1172 433 1231 463 pro
1253 424 1390 465 Justitia‚

246 470 420 503 Flammam
447 472 605 510 spirantes
628 470 757 503 naribus
938 471 1124 503 Transfixus
1148 471 1214 503 ictu
1239 471 1340 510 gladii

247 516 367 549 Christi
390 520 519 556 soporat
543 518 670 549 numine
939 519 1051 558 Regna
1074 518 1202 550 scandit
1226 517 1377 549 coelestia

246 563 378 596 Privans
403 564 538 596 nocendi
564 564 692 597 viribus.
936 565 1047 597 Palma
1071 563 1186 596 florens
1212 563 1367 604 martyrii.

496 640 547 672 11.
577 639 675 677 Patri,
702 641 788 678 nato,
815 639 971 678 paraclito

572 684 667 723 Laus,
694 685 805 726 virtus,
832 685 935 717 honor
958 685 1082 726 latriae,

573 731 637 763 Per
659 738 751 769 quem
774 731 958 764 Matthaeus
982 733 1092 766 inclito

573 777 696 809 Fructu
718 777 840 816 potitur
863 779 999 818 patriae.

260 860 346 887 Brev.
373 868 426 886 ms.
454 858 622 887 cistercien.
650 859 745 888 ltalia.
775 868 851 888 saec.
875 859 919 889 15.
963 861 1032 890 Ood.
1059 863 1201 891 Oxonien.
1226 861 1353 890 Miscell.
1377 860 1494 895 Liturg.

188 895 252 926 343.
271 912 310 917 —
328 896 411 924 Nach
432 897 489 925 Str.
510 895 527 924 5
547 897 673 924 Divisio.

628 1042 687 1074 331.
718 1043 762 1074 De
782 1043 889 1074 saneto
909 1043 1053 1074 Matthia.

680 1117 729 1148 Ad
749 1118 839 1156 Vesp.
865 1121 895 1148 et
912 1117 1001 1148 Noct.

184 1196 214 1228 1.
240 1197 381 1228 Aeterno
404 1196 471 1237 regi
496 1197 618 1237 gloriae
869 1198 901 1231 3.
927 1197 1119 1229 Duodenum
1143 1199 1323 1237 apostolum

241 1244 345 1276 Dulce
371 1246 530 1276 cantemus
557 1245 724 1284 canticum,
928 1244 1064 1277 Sanctus
1091 1245 1188 1285 elegit
1209 1245 1352 1286 spiritus,

239 1290 422 1333 Matthiam,
448 1291 552 1324 virum
577 1294 709 1332 gratiae,
928 1293 975 1326 Ut
997 1293 1205 1332 praedicaret
1227 1293 1418 1338 symbolum,

243 1338 335 1370 Sorte
359 1337 438 1370 fecit
461 1337 638 1371 mirificum.
928 1339 1050 1372 Doctor
1076 1341 1173 1380 elegit
1198 1341 1346 1373 coelicus,

185 1416 217 1447 2.
244 1414 321 1446 Sors
345 1414 484 1454 eligendi
507 1414 655 1455 mittitur,
870 1418 901 1449 4.
927 1416 1124 1455 Transitper
1132 1417 1286 1448 mundum
1294 1418 1501 1457 praedicans,

243 1461 347 1499 Super
371 1460 542 1492 Matthiam
568 1461 694 1501 cecidit,
927 1462 1067 1495 Turbam
1100 1467 1287 1496 convertens
1316 1465 1500 1503 plurimam,

242 1507 353 1538 Honor
377 1507 535 1539 Matthiae
558 1508 707 1547 traditur,
930 1509 1075 1541 Tandem
1098 1509 1168 1542 Deo
1193 1510 1378 1543 sacrificans

243 1554 342 1592 Quem
366 1553 467 1586 Judas
491 1554 574 1585 latro
598 1554 756 1592 perdidit.
930 1555 1059 1596 Martyr
1084 1556 1223 1595 seipsum
1250 1557 1398 1591 hostiam.

553 1629 584 1659 5.
606 1628 707 1666 Patri,
733 1631 818 1669 nato,
845 1629 1001 1667 paraclito

608 1673 659 1705 Sit
678 1674 758 1717 111115,
784 1675 887 1706 virtus
912 1678 945 1706 et
967 1676 1079 1716 gloria,

606 1720 667 1759 Qui
691 1729 748 1752 nos
773 1721 932 1754 Matthiae
956 1724 1070 1757 merito

608 1766 713 1798 Ducat
737 1768 778 1799 ad
804 1768 885 1800 coeli
909 1770 1037 1810 gaudia.

262 1850 348 1877 Brev.
378 1857 431 1877 ms.
453 1849 481 1877 S.
502 1849 639 1877 Justinae
665 1858 740 1878 saec.
763 1849 807 1880 15.
849 1852 918 1881 God.
945 1854 1035 1882 Univ.
1061 1856 1166 1885 Patav.
1200 1857 1266 1887 704.
1294 1859 1330 1887 A.
1357 1875 1396 1880 -ν-
1416 1861 1502 1890 Brev.

191 1894 244 1913 ms.
263 1887 301 1931 -S.
326 1887 463 1914 Justinae
496 1885 644 1927 sace-15.
692 1888 760 1916 Cod.
786 1890 875 1918 Univ.
901 1892 1004 1920 Patav.
1034 1892 1115 1923 1290.
1140 1897 1173 1924 Β.
1202 1912 1237 1917 —
1261 1897 1369 1934 Propi-,1
1391 1908 1445 1928 ms.
1472 1900 1501 1928 S.

189 1924 328 1952 Justmae
347 1924 450 1952 PataV.
471 1932 546 1952 saec.
567 1923 641 1951 ¹⁹¹1&
678 1924 747 1953 Ood.
766 1927 903 1957 Univers.
923 1930 1026 1959 Patav.
1047 1930 1112 1960 ¹702.
1133 1933 1164 1961 O.

630 2061 695 2093 332.
723 2063 767 2094 De
786 2067 893 2096 sancto
915 2067 1057 2100 Matthia.

742 2139 790 2168 Ad
809 2140 939 2172 Laudes.

192 2215 222 2249 1,
249 2215 287 2246 In
312 2214 373 2245 hac
397 2214 449 2246 die
471 2215 614 2247 laetitiae
871 2220 903 2252 2.
931 2220 1024 2252 Sorte
1047 2222 1202 2257 Matthias
1222 2229 1368 2262 undecim

249 2260 450 2313 Celebremus
474 2263 636 2302 solemnia,
930 2266 1076 2300 Sociatur
1104 2275 1272 2316 consortio,

249 2308 330 2346 Quia
352 2308 507 2341 Matthias
528 2310 626 2341 hodie
931 2312 1035 2354 Super
1059 2317 1152 2349 sedes
1180 2319 1346 2356 duodecim

246 2354 383 2387 Scandit
405 2356 448 2388 ad
474 2357 554 2388 coeli
577 2357 701 2396 gaudia.
930 2359 1081 2394 sessurus
1105 2364 1139 2396 in
1163 2366 1297 2405 judicio,
