1651 2621
714 141 758 146 -—
809 120 975 156 225—

185 219 218 251 3.
244 217 309 249 Pro
336 217 463 251 Christo
493 220 596 250 eutem
623 218 720 259 exuit,
878 221 909 252 5.
936 219 962 251 O
985 228 1060 251 rosa
1081 219 1282 260 patientium,

245 265 330 297 Dum
356 268 454 306 caput
475 266 561 298 loras
588 266 706 306 posuit,
935 267 1030 299 Viola
1055 265 1272 300 confitentium

243 311 367 344 Pellem
391 322 452 353 pro
477 313 563 352 pelle
587 313 712 354 meruit,
934 315 984 346 Ac
1008 314 1164 354 virginale
1187 314 1300 358 lilium,

243 360 289 392 Et
313 369 429 401 corpus
454 361 552 402 plaga
577 362 688 393 caruit.
934 363 1111 394 Aeternum
1137 361 1246 394 confer
1268 362 1454 402 praemium.

184 419 218 452 4.
243 417 309 450 Hie
332 419 456 459 positus
480 419 515 450 in
539 419 660 451 tumulo
878 420 908 452 6.
934 419 1021 451 Laus
1046 419 1131 459 patri
1158 421 1190 451 et
1213 420 1330 459 genito,

246 465 408 499 Suscitato
433 466 568 506 puerulo
938 466 989 498 Sit
1012 467 1108 498 simul
1128 469 1161 498 et
1183 467 1339 506 paraclito

248 513 327 546 Cum
353 513 479 546 Christo
505 514 607 546 scitur
632 515 742 546 vivere
934 514 980 546 Et
1002 513 1094 546 nobis
1118 518 1231 553 parcat
1254 514 1348 546 solito

246 561 292 593 Et
315 562 395 593 coeli
420 562 487 594 alta
511 561 675 594 scandere.
933 562 1010 594 Plus
1034 561 1138 594 sancti
1162 562 1255 601 huJ'us
1281 562 1394 593 merito

264 627 349 655 Brev.
369 635 423 655 ms.
445 626 602 655 Caelestin.
623 627 736 655 Bonon.
757 635 832 654 saec.
856 624 900 655 15.
938 626 1007 655 Cod.
1028 626 1117 655 Univ.
1137 626 1250 654 Bonon.
1275 624 1358 654 2275.
1379 641 1415 644 —
1436 624 1462 661 5,
1483 625 1503 654 4

189 665 309 692 confert.
330 679 368 684 —-
388 664 416 699 6,
437 663 453 692 1
473 665 534 700 vgl.
556 664 608 693 das
628 674 680 693 zur
698 666 823 702 vorigen
840 665 982 693 Nummer
999 665 1159 693 bemerkte.

633 757 692 789 381.
724 757 768 789 De
789 758 898 788 sancto
919 757 1060 789 Proculo.

749 825 797 854 Ad
817 824 945 854 Laudes.

185 893 218 926 1.
246 892 379 933 Plaude,
406 892 485 925 felix
509 893 663 932 Bononia,
878 894 908 926 5.
937 892 1070 925 Cervam
1095 894 1128 925 in
1153 894 1205 925 via
1229 894 1382 935 repperit,

246 940 344 972 Patre
370 941 473 973 ditata
496 944 648 981 martyre,
935 941 982 974 Ut
1006 949 1149 980 gressum
1173 939 1260 981 figat,
1287 941 1448 981 praecipit

246 987 348 1028 Surge
375 991 412 1020 ut
435 989 672 1029 tympanistria,
934 987 980 1019 Et
1003 988 1089 1020 lacte
1112 988 1196 1020 sitim
1220 988 1348 1029 repulit,

244 1035 381 1068 Domino
405 1036 519 1068 laudes
544 1036 691 1068 reddere.
937 1035 1099 1068 Christum
1123 1044 1240 1067 vocans
1264 1036 1326 1068 hoe
1349 1037 1464 1076 potuit.

185 1094 217 1126 2.
246 1092 350 1131 Hujus
375 1093 506 1132 patroni
530 1093 653 1124 meritis
876 1094 907 1126 6.
934 1093 998 1124 Pro
1022 1095 1065 1135 te,
1092 1101 1229 1131 superne
1254 1092 1368 1136 genite,

245 1140 276 1171 A
301 1140 394 1172 malis
421 1143 453 1171 et
477 1141 629 1180 periculis
932 1139 1005 1172 Stat
1028 1142 1157 1172 sanctus
1181 1137 1263 1172 flexo
1288 1141 1412 1180 poplite

243 1185 430 1228 Protegan's
455 1197 475 1220 a
500 1187 637 1220 Domino
933 1186 979 1220 Et
1003 1190 1167 1227 amputato
1194 1186 1300 1227 capite

244 1235 284 1267 In
308 1234 370 1267 hoc
394 1235 528 1268 solemni
553 1235 680 1275 gaudio.
934 1233 1034 1267 Sedet
1056 1235 1091 1266 in
1116 1242 1192 1267 vero
1216 1235 1328 1266 limite.

186 1293 218 1326 3.
244 1292 293 1325 Ut
315 1292 488 1324 destructis
514 1292 700 1324 criminibus
876 1292 907 1324 7.
933 1291 1027 1324 Nunc
1050 1300 1110 1332 pro
1134 1294 1189 1323 tuo
1215 1291 1360 1331 collegio,

242 1339 351 1380 Atque
380 1339 647 1372 adversitatibus
931 1339 1060 1378 Martyr
1085 1341 1219 1380 sacrate,
1246 1339 1392 1379 supplica

245 1387 362 1420 Valeas
387 1387 457 1420 Deo
484 1396 615 1419 carnere
932 1386 977 1419 Et
1001 1386 1035 1418 in
1061 1389 1191 1418 aeterno
1217 1386 1359 1425 praemio

242 1434 289 1466 Et
311 1434 397 1468 hunc
420 1438 545 1476 patrem
571 1435 721 1468 recolere.
930 1433 997 1466 Eos
1022 1434 1117 1465 simul
1144 1435 1348 1466 communica.

184 1494 217 1525 4.
244 1492 305 1531 Qui
332 1493 406 1525 dum
434 1492 544 1525 divina
569 1492 718 1535 celebrat,
873 1492 905 1524 8.
930 1490 1030 1530 Patri,
1055 1493 1141 1534 nat07
1167 1491 1325 1530 paraclito

241 1539 282 1571 Ei
306 1540 402 1572 turba
426 1540 570 1580 angelica
931 1537 1049 1578 Decus,
1075 1538 1177 1570 honor
1202 1540 1234 1569 et
1255 1538 1367 1580 gloria,

238 1587 427 1627 Respondet
454 1587 551 1629 digna
576 1588 708 1628 cantica,
934 1586 1005 1619 Sint
1029 1586 1133 1617 sancti
1157 1585 1251 1624 hujus
1275 1585 1390 1618 merito

240 1635 295 1669 Ad
321 1644 415 1675 quam
439 1633 595 1667 festinans
620 1635 732 1666 inhiat.
931 1633 1076 1666 Aeterna
1099 1632 1191 1665 nobis
1216 1633 1342 1673 gaudia.

256 1701 343 1729 BreV.
364 1709 417 1728 ms.
439 1700 596 1729 Coelestin.
617 1700 778 1728 Bononien.
800 1707 875 1728 saec.
899 1697 942 1727 15.
985 1698 1055 1727 Cod.
1074 1698 1164 1726 Um'V.
1187 1698 1350 1727 Bononien.
1371 1696 1459 1726 2275.

628 1792 695 1824 382.
726 1793 770 1824 De
790 1793 896 1823 sancto
918 1792 1063 1823 Pronino.

424 1864 455 1896 1.
482 1863 592 1895 Mente
616 1863 740 1895 salubri
764 1863 896 1895 erimine
921 1863 1019 1895 soluti

484 1910 611 1943 Debent
637 1919 760 1953 sonare,
788 1918 866 1942 voce
887 1918 1068 1950 propagare

484 1957 572 1990 Mira
596 1958 738 1998 legentes
764 1958 868 1989 animo
894 1961 1041 1989 verentes

534 2005 644 2038 Sancti
669 2005 812 2038 Pronini.

424 2067 456 2097 2.
481 2063 642 2096 Franciae
664 2072 798 2103 regnum
821 2071 916 2102 quem
941 2061 1034 2094 duxit
1055 2062 1089 2094 in
1114 2064 1229 2102 ortum,

481 2113 514 2144 A
543 2120 604 2152 quo
632 2111 800 2143 discedens
826 2109 1011 2149 exstititque
1036 2110 1170 2142 tendens

482 2159 701 2193 Mediolanum
730 2158 864 2190 scientia
889 2161 1018 2197 captum

530 2207 641 2240 Sancti
664 2206 838 2239 Ambrosii.

424 2267 455 2301 3.
481 2265 534 2298 lbi
561 2266 703 2296 moratus
727 2262 790 2295 fuit
812 2260 1004 2294 informatus

480 2313 568 2353 Lege
591 2311 680 2344 fideli
706 2311 898 2351 demptaque
923 2309 1038 2341 rebelli

480 2361 633 2400 Tuncque
658 2359 807 2393 Cumanis
835 2367 899 2390 non
924 2357 1125 2398 regeneratis

530 2409 567 2441 In
593 2407 658 2441 fide
685 2407 815 2441 Christi.

234 2473 255 2496 D
262 2479 274 2495 r
280 2478 312 2495 ev
319 2477 361 2495 ωε.
382 2470 471 2499 Hymni
482 2468 582 2492 Inediti.
1295 2462 1336 2491 151
