1651 2621
675 131 723 137 „-
772 109 839 146 290
890 129 932 133 —

592 216 660 249 492.
691 215 734 247 Do
755 213 861 246 sancto
882 209 1022 243 Zenobio.

703 283 750 313 Ad
771 281 898 313 Laudes.

158 360 188 394 1.
216 359 337 392 Psallat
360 358 472 390 chorus
496 355 637 388 fidelium
836 353 868 384 4.
896 349 972 382 Cum
1002 356 1076 380 vero
1102 347 1214 386 portae
1236 345 1388 386 jungitur,

216 407 315 441 Sacra
339 405 391 438 die,
414 405 449 437 iu
470 403 581 444 jubilo,
894 397 966 429 Non
991 394 1146 436 permittit
1170 392 1345 432 introitum,

218 456 256 488 In
281 463 342 494 qua
366 453 476 484 beatus
501 449 643 491 pontifex
896 444 1004 477 Donec
1030 443 1078 475 bis
1103 441 1172 474 seni
1197 440 1304 473 clerici

219 502 306 535 Cocli
333 499 515 533 conscendit
540 498 672 539 apicem.
898 492 968 524 Sint
993 490 1137 531 deputati
1161 488 1311 528 praesuli.

163 561 193 593 2.
219 558 283 591 Hic
306 556 473 589 salvatoris
498 555 639 587 semitam
839 552 868 583 5.
895 549 977 581 Dein
1003 547 1064 580 Dei
1089 547 1258 579 clementia

217 606 301 639 Dum
323 604 423 637 fertur
448 603 489 635 ad
514 602 685 635 basilicam,
894 595 1018 628 Tumba
1040 596 1164 627 locatur
1187 601 1294 632 saxea,

221 652 337 695 Arbor,
364 659 455 691 quam
479 650 577 681 lectus
603 648 715 688 attigit,
895 644 932 676 In
957 652 1018 683 qua
1042 642 1124 674 mira
1148 641 1290 680 quotidie

222 700 349 734 Cunctis
375 706 477 730 coram
505 694 651 728 effloruit.
897 690 969 722 Non
996 691 1099 720 cessat
1123 689 1213 728 signa
1234 688 1350 721 facero.

165 759 197 790 3.
223 756 315 788 Hauc
340 755 427 794 virga
453 754 557 785 Aaron
582 750 696 784 florida
840 750 871 782 6.
900 746 1009 779 Gloria
1033 746 1075 778 sit
1099 744 1252 776 altissimo

223 800 488 836 Pracmonstravit
511 801 541 831 in
569 799 702 841 saecula,
899 793 986 826 Patri
1014 796 1046 825 ct
1069 792 1229 833 unigenito

221 851 318 890 Quam
342 850 419 880 haec
443 850 550 880 secuta
575 845 701 887 nobilis,
897 842 971 875 Una
996 849 1065 872 cum
1092 842 1201 872 sancto
1226 838 1352 880 spiritu,

225 897 379 930 Sacellum
404 903 474 926 mox
500 898 535 925 ut
556 893 669 933 tetigit.
898 889 964 921 Deo
992 891 1021 919 et
1047 887 1221 920 individuo.

242 970 347 1005 Hymn.
375 978 425 996 ms.
453 968 637 995 Pha-(antinus
666 974 738 994 mee.
761 964 804 992 1³3.
845 963 912 992 t‘od.
938 963 1127 990 Laurentian.
1148 961 1243 989 Aedil.
1272 958 1334 989 1:31.
1359 960 1394 987 A.
1430 973 1464 977 -—

167 1012 250 1037 Lrvv.
271 1016 322 1034 ms.
344 1006 542 1035 Florentinum
562 1013 635 1033 saec.
662 1002 704 1031 14.
725 1017 761 1022 —
784 1002 851 1030 (jod.
875 1002 1061 1029 Laurentian.
1082 1000 1176 1028 Aedil.
1200 997 1263 1027 117.
1287 1000 1326 1034 B;
1347 995 1378 1024 2*
1399 997 1463 1025 add.

168 1055 240 1073 katu».
267 1043 309 1072 15.
323 1045 359 1079 0⁴,
380 1042 397 1072 3
424 1045 458 1072 D.
480 1060 486 1063 -
529 1040 556 1075 2,
578 1041 593 1069 i
608 1042 695 1070 Hune
708 1041 862 1069 salvatoris
877 1039 990 1071 Abel),
1010 1039 1116 1066 semita
1128 1039 1166 1071 133
1189 1038 1242 1065 lies
1255 1037 1407 1064 inclitam?
1427 1049 1465 1055 —-

165 1084 197 1116 ὲῖ,
232 1082 245 1111 1
267 1083 344 1147 11ch
362 1083 447 1118 virga
467 1080 526 1115 BC,
552 1080 617 1108 Hoc
636 1080 671 1107 D.
693 1093 728 1099 —-
750 1076 781 1112 3,
808 1075 826 1106 3
848 1079 939 1112 Quam
960 1078 1006 1105 lex
1027 1078 1127 1105 secuta
1146 1076 1180 1104 Β.
1200 1090 1237 1094 -—
1257 1073 1289 1109 5,
1320 1073 1338 1102 2
1357 1074 1472 1102 Tumba

171 1125 286 1149 coeatur
332 1140 338 1146 .

526 1247 592 1278 493.
623 1246 657 1279 In
678 1245 893 1278 Translationo
915 1253 939 1276 s.
962 1244 1097 1277 zenobii.

704 1313 750 1343 Ati
770 1314 926 1351 Vesperas.

172 1386 201 1419 1.
228 1385 343 1423 Pange,
370 1384 484 1423 lingua,
510 1383 636 1423 gloriosi
841 1385 873 1415 4.
900 1382 1053 1422 Sponsam
1085 1381 1138 1412 diu
1164 1381 1324 1412 viduatam

275 1431 431 1463 Praesulis
456 1431 664 1469 praeconium,
946 1429 1132 1461 Restaurari
1154 1429 1273 1468 Justum
1301 1431 1359 1466 est,

229 1478 323 1517 CuJ'us
350 1475 429 1508 festo
457 1477 611 1509 ‹lulcorosi
900 1476 986 1508 Dare
1010 1485 1160 1516 gemmam
1185 1475 1397 1515 amplexatam

275 1524 352 1556 Meli
377 1522 475 1555 fluant
500 1524 649 1564 cordium,
950 1523 1051 1555 Filiae
1072 1523 1135 1563 jam
1162 1522 1305 1562 interest,

230 1572 296 1604 Nos
320 1574 356 1602 ut,
379 1571 479 1610 patris
504 1572 648 1612 generosi
902 1570 1055 1610 Sponsam
1073 1579 1159 1602 cume
1172 1579 1254 1601 nunc
1268 1569 1468 1610 translatam,

278 1617 374 1650 Juvet
401 1617 617 1657 patrocinium.
951 1618 1037 1649 Tene
1061 1625 1196 1657 semper,
1219 1621 1273 1649 tua
1299 1621 1356 1650 est.

173 1676 204 1708 2.
230 1674 272 1707 Se
296 1674 464 1706 absentans
488 1683 507 1705 a
530 1674 685 1713 pressuris
848 1676 878 1707 5.
903 1673 1031 1706 Ulmum
1055 1675 1170 1705 siccam
1197 1675 1250 1714 qui
1272 1672 1387 1706 florere

281 1720 427 1753 Gentium
452 1720 605 1752 Zenobius
951 1721 1045 1753 Facis
1069 1722 1101 1753 in
1128 1720 1309 1762 frigoribus,

230 1768 431 1801 Laurentinis
455 1767 485 1798 in
514 1767 664 1799 clausuris
907 1767 1014 1809 Culpis
1040 1769 1139 1800 siccos
1165 1767 1216 1801 fac
1241 1769 1354 1813 virere,

279 1815 409 1847 Habitat
437 1816 588 1853 devotius,
955 1817 1057 1859 Pater,
1085 1816 1194 1856 probis
1221 1817 1370 1861 moribus

233 1863 298 1896 Ubi
322 1863 433 1902 plenus
458 1863 554 1901 gestis
579 1861 665 1901 puris
904 1863 949 1896 Ut
975 1865 1129 1904 possimus
1153 1869 1185 1896 tc
1208 1866 1317 1897 videre

278 1909 380 1941 Vitam
404 1908 474 1941 finit
499 1908 630 1942 dulcius.
953 1912 988 1944 In
1016 1912 1173 1944 coelorum
1197 1911 1339 1947 fioribus.

175 1968 205 2000 3.
232 1966 273 1999 Sc
297 1966 415 2019 ibidem
440 1965 588 1997 tumulari
850 1969 880 2001 6.
905 1968 928 2000 O
956 1968 1088 2001 ecclesia
1114 1969 1154 2001 da
1181 1969 1303 2003 Christo

277 2013 367 2044 Mitis
392 2015 483 2052 pater
504 2013 622 2052 annuit,
953 2017 1139 2049 Florentina
1162 2017 1305 2058 gloriam,

233 2061 381 2099 Pompam
406 2068 558 2099 spernens
583 2060 736 2098 hospitari
905 2062 1061 2096 Restituto
1088 2073 1203 2103 sponso
1228 2066 1288 2098 isto

264 2106 390 2161 ‘Secum
415 2115 562 2146 sponsam
589 2107 701 2147 renuit,
952 2110 1056 2142 Decus
1081 2114 1113 2142 ct
1137 2112 1314 2154 victoriam,

239 2154 291 2186 Sic
310 2158 453 2208 meretur
477 2154 663 2194 amplexari,
907 2157 1093 2190 celebrante
1126 2160 1209 2192 clero
1234 2161 1326 2195 misto

280 2202 364 2234 Filia,
387 2210 479 2241 quem
500 2201 611 2236 tenuit.
953 2205 1044 2236 Plebi
1066 2207 1151 2238 hanc
1172 2210 1365 2245 memoriam.

250 2276 356 2311 Hymn.
392 2283 443 2302 ms.
469 2275 653 2303 Florentinus
687 2284 761 2303 saec.
790 2274 832 2305 13.
878 2278 945 2306 Cori.
972 2280 1159 2309 Laurentian.
1187 2282 1279 2312 Aedil.
1316 2285 1366 2316 131
1424 2290 1462 2318 dd

176 2321 249 2342 saec.
276 2311 318 2341 15.
343 2313 377 2341 A.
408 2327 443 2332 -—
474 2313 556 2341 Brev.
583 2322 635 2341 ms.
660 2313 859 2342 Florentinum
886 2323 960 2343 saec.
983 2315 1025 2344 14.
1066 2318 1135 2347 Cod.
1162 2321 1339 2353 Laurentian
1371 2298 1470 2357 stad]—

178 2349 238 2379 117.
260 2350 323 2379 aad.
345 2359 418 2378 saec.
442 2348 484 2379 15.
506 2352 537 2379 B.
557 2365 595 2369 —
618 2350 641 2385 1,
662 2349 777 2379 4116111
796 2353 886 2381 fluent
900 2354 957 2382 AB.
980 2369 1014 2374 -
1035 2353 1060 2390 3,
1086 2355 1155 2386 1Te
1175 2359 1281 2389 ibidem
1295 2363 1318 2391 B
1343 2346 1386 2384 ’-“
1404 2338 1422 2395 Ξ
1441 2340 1471 2358 ¹·

175 2390 314 2421 Hulmum
336 2389 394 2417 AB.
414 2404 451 2409 —
471 2387 498 2424 5,
516 2388 537 2417 4
555 2389 612 2417 Pro
633 2390 720 2418 nobis
738 2392 868 2419 moribus
888 2392 921 2421 B.
942 2407 978 2412 ——
997 2393 1080 2424 Mel.:
1101 2396 1200 2436 Pange
1219 2386 1329 2438 lingua..
1425 2389 1431 2402 ⁵
1455 2367 1469 2397 1
