1651 2621
662 110 704 115 —
755 87 917 123 248-

401 190 430 220 2.
458 187 655 227 Magnusque
679 193 773 224 rogus
798 183 921 214 viscera
945 180 1090 213 fraterna

458 233 589 267 Gaudiis
614 232 712 264 sacris
736 230 861 270 plenius
885 228 1076 269 redundant,

456 280 622 314 Fratribus
647 279 777 310 adstans
801 277 914 308 intima
936 276 1058 308 revelat

503 327 627 360 Gaudia
651 325 765 358 cordis.

400 386 431 418 3.
460 384 584 417 Gaudia
608 384 692 415 vitae
714 381 913 423 patriamque
934 388 1087 412 summam

456 432 559 466 Unice
585 430 681 462 corda
706 428 836 462 instruit
860 435 977 466 amare,

456 478 570 518 Sieque
595 479 701 518 vigere
723 476 886 516 speculum
911 475 1030 506 sororis

502 526 598 558 Ponit
622 524 795 564 exemplar.

398 585 429 616 4.
457 585 519 616 Per
544 582 743 622 paedagogos
768 580 893 620 gaudiis
918 577 1057 619 peractis

458 630 555 664 Jubet
580 628 667 660 afferi
694 636 808 667 corpus
832 627 967 658 liliatum

460 678 603 717 Suaeque
627 676 754 707 tumbae
778 682 898 706 summo
924 682 994 705 cum
1019 673 1138 704 honore

508 725 631 756 Ponere
652 723 753 762 jubet.

403 783 433 814 5.
458 781 545 813 Almi
570 780 710 819 germani
736 778 828 809 simul
852 777 1078 816 reconduntur,

461 828 530 867 Qui,
557 835 626 858 cum
653 826 804 867 vigerent,
831 833 885 857 cor
909 826 1072 864 gestarunt
1099 832 1205 862 unum,

461 875 576 907 Decuit
599 873 730 913 pulchre
757 881 890 911 corpora
915 871 1058 903 fraterna

508 921 580 953 Non
604 924 813 959 sequestrare.

406 979 436 1010 6.
464 978 578 1010 Schola
603 979 634 1008 et
658 977 738 1007 stica
764 976 877 1016 copula
900 977 1022 1006 remota

465 1024 586 1056 Nomen
613 1023 759 1055 clarescit
782 1025 880 1061 tuum,
907 1022 997 1061 virgo
1023 1030 1124 1058 sacra,

466 1072 569 1104 Corde
594 1080 613 1101 a
636 1074 743 1102 nostro
769 1070 847 1101 vitia
873 1068 993 1109 repelle

509 1116 653 1149 Foedere
683 1118 765 1148 dato.

409 1175 439 1205 7.
469 1174 584 1205 Hortus
610 1174 772 1205 conclusus
798 1172 883 1212 regio
908 1172 1022 1211 sigillo,

467 1220 619 1259 Myrrhae
645 1223 673 1251 et
699 1219 816 1258 myrthi
841 1219 961 1259 species
987 1220 1165 1261 gignuntur,

468 1267 588 1298 Fructu
613 1269 742 1298 centeno
767 1267 862 1305 plena
881 1264 1074 1302 fecundam,

515 1315 612 1354 Virgo
636 1314 785 1347 Nursina.

412 1371 443 1403 8.
472 1370 581 1403 Gloria
604 1370 672 1402 Deo
697 1371 739 1401 sit
763 1373 889 1402 aeterno
914 1370 1008 1409 patri,

469 1417 518 1449 Sit
541 1418 609 1456 tibi,
636 1420 718 1456 nate,
744 1416 829 1448 Deus
854 1418 935 1448 alme
962 1416 1096 1457 Christe,

469 1464 544 1496 Cum
571 1464 683 1502 quibus
708 1464 810 1503 spirat
829 1467 957 1495 sanetus
982 1472 1105 1503 quoque
1127 1461 1223 1495 flatus

515 1510 648 1543 Saecula
670 1519 793 1551 perpes

226 1576 311 1603 Brev.
336 1583 388 1603 ms.
414 1574 642 1603 coelestinorum
666 1583 738 1602 saec.
768 1573 811 1602 15.
858 1574 925 1603 Cod.
950 1575 1038 1603 Univ.
1063 1575 1223 1602 Bononien.
1249 1572 1333 1602 2862.
1359 1574 1394 1601 A.
1415 1589 1453 1594 —-

153 1614 238 1641 Brev.
259 1613 488 1641 coelestinorum
506 1614 574 1648 imp.
595 1612 721 1647 Neapoli
742 1610 823 1640 1488.
844 1613 876 1640 B.
897 1628 935 1632 —
953 1613 1037 1640 Brev.
1057 1612 1288 1640 coelestinorum
1305 1613 1375 1648 imp.
1397 1612 1453 1640 Ve-

152 1652 240 1679 netiis
256 1649 336 1678 1588.
351 1650 382 1678 O.
395 1665 432 1670 —-
446 1648 471 1685 2,
487 1650 502 1678 1
516 1650 698 1687 Magnusque
714 1653 796 1686 pater
811 1649 840 1677 C.
857 1665 859 1668 .
905 1648 931 1683 2,
947 1648 964 1677 2
977 1650 1150 1678 reclumbant
1163 1651 1196 1684 A,
1211 1650 1355 1678 redundat
1369 1650 1399 1677 C.
1416 1664 1452 1669 -

152 1686 183 1723 3,
209 1686 227 1714 2
246 1689 342 1717 Unica
363 1688 447 1716 ABG.
468 1704 505 1709 —-
525 1686 557 1721 5,
585 1686 599 1714 1
619 1688 742 1716 Tumulo
767 1696 825 1716 uno
852 1688 940 1715 simul
959 1687 1015 1716 BC.
1036 1703 1073 1708 -—
1093 1687 1124 1724 5,
1150 1686 1168 1714 2
1195 1691 1345 1725 gestarent
1365 1687 1395 1715 Ο.
1416 1702 1453 1707 -

154 1724 180 1760 6,
201 1723 219 1753 3
239 1726 333 1754 Corda
352 1725 382 1753 C.
402 1741 440 1746 ——
459 1724 485 1761 8,
506 1723 524 1751 2
546 1726 653 1753 Christi
674 1725 704 1753 C.

556 1854 618 1886 419.
653 1854 695 1886 De
714 1856 824 1886 saneta
843 1855 1044 1886 Scholastica.

698 1931 746 1961 Ad
765 1931 894 1961 Laudes.

155 2010 188 2044 1.
213 2009 317 2050 Salve,
341 2011 432 2051 panis
456 2011 627 2051 angelicus,
830 2012 862 2043 3.
889 2010 913 2043 O
940 2011 1057 2044 Nursia
1080 2012 1165 2052 hine,
1188 2013 1301 2053 jubila,

214 2056 337 2089 Sertum
362 2066 522 2089 sacrarum
547 2058 713 2098 virginum,
889 2057 974 2096 Quae
999 2060 1040 2091 ad
1065 2059 1127 2091 Dei
1151 2061 1315 2093 servitium

214 2104 310 2142 Quem
332 2105 428 2137 latria
450 2105 625 2137 monastica
888 2105 1016 2146 Virgam
1038 2107 1165 2147 gignisti
1189 2106 1346 2148 floridam,

214 2151 306 2184 Canit
329 2160 387 2192 per
410 2152 519 2184 mundi
544 2152 680 2184 climata.
890 2153 1005 2185 Sancto
1030 2159 1188 2186 sacratam
1212 2153 1350 2188 fiamine.

154 2209 186 2242 2.
213 2207 318 2240 Corda
339 2212 448 2240 nostra
470 2218 615 2248 exonera,
832 2210 863 2242 4.
891 2209 1054 2242 Laudibus
1079 2213 1337 2252 paranymphicis

213 2254 346 2288 Sanctus
369 2258 548 2288 sanctorum
571 2259 606 2288 ‘tu
632 2256 685 2297 qui
710 2265 755 2293 es,
890 2257 1066 2290 persistere
1092 2267 1162 2290 cum
1185 2263 1325 2300 cuperet,

214 2302 354 2342 Pangere
379 2303 472 2344 digne
496 2303 594 2336 facias
891 2305 1049 2337 Fraterna
1074 2307 1198 2346 quaerit
1221 2308 1342 2347 pabula

213 2348 426 2382 Scholasticae
448 2351 594 2391 insignia.
892 2353 979 2384 Anni
1004 2356 1107 2386 rotato
1133 2354 1258 2389 circulo.
