<?xml version="1.0" encoding="UTF-8"?>
<!DOCTYPE html PUBLIC "-//W3C//DTD XHTML 1.0 Transitional//EN"
    "http://www.w3.org/TR/xhtml1/DTD/xhtml1-transitional.dtd">
<html xmlns="http://www.w3.org/1999/xhtml" xml:lang="en" lang="en">
 <head>
  <title>
</title>
<meta http-equiv="Content-Type" content="text/html;charset=utf-8" />
  <meta name='ocr-system' content='tesseract 3.04.00' />
  <meta name='ocr-capabilities' content='ocr_page ocr_carea ocr_par ocr_line ocrx_word'/>
</head>
<body>
  <div class='ocr_page' id='page_1' title='image "./analectahymnica22drevuoft_00242.png"; bbox 0 0 1651 2621; ppageno 0'>
   <div class='ocr_carea' id='block_1_1' title="bbox 712 115 976 151">
    <p class='ocr_par' dir='ltr' id='par_1_1' title="bbox 712 115 976 151">
     <span class='ocr_line' id='line_1_1' title="bbox 712 115 976 151; baseline 0.004 -1"><span class='ocrx_word' id='word_1_1' title='bbox 712 115 976 151; x_wconf 81' lang='lat'><strong>—239—</strong></span> 
     </span>
    </p>
   </div>
   <div class='ocr_carea' id='block_1_2' title="bbox 615 209 1079 242">
    <p class='ocr_par' dir='ltr' id='par_1_2' title="bbox 615 209 1079 242">
     <span class='ocr_line' id='line_1_2' title="bbox 615 209 1079 242; baseline 0 -2"><span class='ocrx_word' id='word_1_2' title='bbox 615 209 684 241; x_wconf 76' lang='lat'><strong>407.</strong></span> <span class='ocrx_word' id='word_1_3' title='bbox 716 209 759 241; x_wconf 79' lang='lat' dir='ltr'>De</span> <span class='ocrx_word' id='word_1_4' title='bbox 780 210 888 241; x_wconf 79' lang='lat' dir='ltr'>saneto</span> <span class='ocrx_word' id='word_1_5' title='bbox 902 209 1079 242; x_wconf 72' lang='lat' dir='ltr'>Romualdo.</span> 
     </span>
    </p>
   </div>
   <div class='ocr_carea' id='block_1_3' title="bbox 730 286 954 326">
    <p class='ocr_par' dir='ltr' id='par_1_3' title="bbox 730 286 954 326">
     <span class='ocr_line' id='line_1_3' title="bbox 730 286 954 326; baseline -0.004 -9"><span class='ocrx_word' id='word_1_6' title='bbox 730 287 779 317; x_wconf 81' lang='lat' dir='ltr'>Ad</span> <span class='ocrx_word' id='word_1_7' title='bbox 797 286 954 326; x_wconf 85' lang='lat' dir='ltr'>Vesperas.</span> 
     </span>
    </p>
   </div>
   <div class='ocr_carea' id='block_1_4' title="bbox 184 365 1454 1141">
    <p class='ocr_par' dir='ltr' id='par_1_4' title="bbox 184 365 1356 454">
     <span class='ocr_line' id='line_1_4' title="bbox 184 365 1331 407; baseline 0.002 -10"><span class='ocrx_word' id='word_1_8' title='bbox 184 365 220 398; x_wconf 78' lang='lat'>1.</span> <span class='ocrx_word' id='word_1_9' title='bbox 246 366 304 406; x_wconf 78' lang='lat' dir='ltr'>Te,</span> <span class='ocrx_word' id='word_1_10' title='bbox 329 366 520 406; x_wconf 67' lang='lat' dir='ltr'>Romame,</span> <span class='ocrx_word' id='word_1_11' title='bbox 547 366 688 399; x_wconf 73' lang='lat' dir='ltr'>canimus</span> <span class='ocrx_word' id='word_1_12' title='bbox 876 367 908 400; x_wconf 80' lang='lat'>5.</span> <span class='ocrx_word' id='word_1_13' title='bbox 933 368 983 399; x_wconf 81' lang='lat' dir='ltr'>Tu</span> <span class='ocrx_word' id='word_1_14' title='bbox 1004 367 1090 399; x_wconf 73' lang='lat' dir='ltr'>vires</span> <span class='ocrx_word' id='word_1_15' title='bbox 1114 367 1216 399; x_wconf 81' lang='lat' dir='ltr'>hostis</span> <span class='ocrx_word' id='word_1_16' title='bbox 1238 367 1331 407; x_wconf 83' lang='lat' dir='ltr'>impii</span> 
     </span>
     <span class='ocr_line' id='line_1_5' title="bbox 247 413 1356 454; baseline 0.001 -8"><span class='ocrx_word' id='word_1_17' title='bbox 247 413 443 454; x_wconf 87' lang='lat' dir='ltr'>Festumque</span> <span class='ocrx_word' id='word_1_18' title='bbox 469 414 553 446; x_wconf 87' lang='lat' dir='ltr'>diem</span> <span class='ocrx_word' id='word_1_19' title='bbox 576 414 708 447; x_wconf 85' lang='lat' dir='ltr'>colimus</span> <span class='ocrx_word' id='word_1_20' title='bbox 936 414 1052 447; x_wconf 83' lang='lat' dir='ltr'>Fretus</span> <span class='ocrx_word' id='word_1_21' title='bbox 1074 415 1193 446; x_wconf 89' lang='lat' dir='ltr'>virtute</span> <span class='ocrx_word' id='word_1_22' title='bbox 1218 415 1356 454; x_wconf 85' lang='lat' dir='ltr'>Domini,</span> 
     </span>
    </p>

    <p class='ocr_par' dir='ltr' id='par_1_5' title="bbox 246 461 1440 550">
     <span class='ocr_line' id='line_1_6' title="bbox 246 461 1440 503; baseline 0.002 -11"><span class='ocrx_word' id='word_1_23' title='bbox 246 461 293 493; x_wconf 72' lang='lat' dir='ltr'>Et</span> <span class='ocrx_word' id='word_1_24' title='bbox 315 464 390 493; x_wconf 80' lang='lat' dir='ltr'>vota</span> <span class='ocrx_word' id='word_1_25' title='bbox 414 461 471 501; x_wconf 85' lang='lat' dir='ltr'>pia</span> <span class='ocrx_word' id='word_1_26' title='bbox 494 462 647 493; x_wconf 77' lang='lat' dir='ltr'>solvimus</span> <span class='ocrx_word' id='word_1_27' title='bbox 935 462 1120 503; x_wconf 76' lang='lat' dir='ltr'><strong>Tyrannum</strong></span> <span class='ocrx_word' id='word_1_28' title='bbox 1146 463 1251 494; x_wconf 77' lang='lat' dir='ltr'>earnis</span> <span class='ocrx_word' id='word_1_29' title='bbox 1276 471 1440 503; x_wconf 82' lang='lat' dir='ltr'>superans,</span> 
     </span>
     <span class='ocr_line' id='line_1_7' title="bbox 250 508 1371 550; baseline 0.002 -10"><span class='ocrx_word' id='word_1_30' title='bbox 250 508 418 549; x_wconf 87' lang='lat' dir='ltr'>Melosque</span> <span class='ocrx_word' id='word_1_31' title='bbox 443 509 521 541; x_wconf 75' lang='lat' dir='ltr'>laeti</span> <span class='ocrx_word' id='word_1_32' title='bbox 545 510 721 550; x_wconf 75' lang='lat' dir='ltr'><strong>pangimus.</strong></span> <span class='ocrx_word' id='word_1_33' title='bbox 934 509 1046 542; x_wconf 89' lang='lat' dir='ltr'>Polum</span> <span class='ocrx_word' id='word_1_34' title='bbox 1071 510 1155 550; x_wconf 88' lang='lat' dir='ltr'>petis</span> <span class='ocrx_word' id='word_1_35' title='bbox 1181 510 1371 550; x_wconf 80' lang='lat' dir='ltr'><strong>tripudians.</strong></span> 
     </span>
    </p>

    <p class='ocr_par' dir='ltr' id='par_1_6' title="bbox 191 565 1454 748">
     <span class='ocr_line' id='line_1_8' title="bbox 191 565 1366 607; baseline 0.002 -10"><span class='ocrx_word' id='word_1_36' title='bbox 191 567 225 599; x_wconf 86' lang='lat'>2.</span> <span class='ocrx_word' id='word_1_37' title='bbox 252 565 298 597; x_wconf 73' lang='lat' dir='ltr'>Et</span> <span class='ocrx_word' id='word_1_38' title='bbox 321 574 476 605; x_wconf 82' lang='lat' dir='ltr'>spernens</span> <span class='ocrx_word' id='word_1_39' title='bbox 501 575 636 605; x_wconf 82' lang='lat' dir='ltr'>pompas</span> <span class='ocrx_word' id='word_1_40' title='bbox 661 567 789 603; x_wconf 62' lang='lat' dir='ltr'>saeculi.</span> <span class='ocrx_word' id='word_1_41' title='bbox 879 567 909 599; x_wconf 82' lang='lat'>6.</span> <span class='ocrx_word' id='word_1_42' title='bbox 935 567 1030 599; x_wconf 76' lang='lat' dir='ltr'>Nunc</span> <span class='ocrx_word' id='word_1_43' title='bbox 1053 568 1215 598; x_wconf 81' lang='lat' dir='ltr'>laureatus</span> <span class='ocrx_word' id='word_1_44' title='bbox 1241 568 1366 607; x_wconf 80' lang='lat' dir='ltr'>agmine</span> 
     </span>
     <span class='ocr_line' id='line_1_9' title="bbox 251 613 1379 658; baseline 0.002 -14"><span class='ocrx_word' id='word_1_45' title='bbox 251 613 359 645; x_wconf 86' lang='lat' dir='ltr'>Vitam</span> <span class='ocrx_word' id='word_1_46' title='bbox 385 622 511 645; x_wconf 90' lang='lat' dir='ltr'>sumens</span> <span class='ocrx_word' id='word_1_47' title='bbox 535 615 751 657; x_wconf 81' lang='lat' dir='ltr'>monasticam,</span> <span class='ocrx_word' id='word_1_48' title='bbox 936 614 1023 646; x_wconf 84' lang='lat' dir='ltr'>Coeli</span> <span class='ocrx_word' id='word_1_49' title='bbox 1048 613 1151 654; x_wconf 85' lang='lat' dir='ltr'>fulges</span> <span class='ocrx_word' id='word_1_50' title='bbox 1175 623 1209 645; x_wconf 81' lang='lat' dir='ltr'>in</span> <span class='ocrx_word' id='word_1_51' title='bbox 1234 614 1379 658; x_wconf 84' lang='lat' dir='ltr'>eulmine,</span> 
     </span>
     <span class='ocr_line' id='line_1_10' title="bbox 250 659 1454 702; baseline 0.002 -10"><span class='ocrx_word' id='word_1_52' title='bbox 250 659 440 693; x_wconf 77' lang='lat' dir='ltr'>Aedificasti</span> <span class='ocrx_word' id='word_1_53' title='bbox 466 669 605 694; x_wconf 79' lang='lat' dir='ltr'>eremum</span> <span class='ocrx_word' id='word_1_54' title='bbox 936 661 1130 701; x_wconf 79' lang='lat' dir='ltr'>Gonjunotus</span> <span class='ocrx_word' id='word_1_55' title='bbox 1156 661 1251 693; x_wconf 82' lang='lat' dir='ltr'>choro</span> <span class='ocrx_word' id='word_1_56' title='bbox 1272 662 1454 702; x_wconf 77' lang='lat' dir='ltr'>principum</span> 
     </span>
     <span class='ocr_line' id='line_1_11' title="bbox 247 707 1322 748; baseline 0.002 -9"><span class='ocrx_word' id='word_1_57' title='bbox 247 707 419 748; x_wconf 83' lang='lat' dir='ltr'>Egregiam</span> <span class='ocrx_word' id='word_1_58' title='bbox 447 708 635 741; x_wconf 86' lang='lat' dir='ltr'>Camalduli.</span> <span class='ocrx_word' id='word_1_59' title='bbox 936 709 1024 741; x_wconf 89' lang='lat' dir='ltr'>Vivis</span> <span class='ocrx_word' id='word_1_60' title='bbox 1048 710 1116 741; x_wconf 88' lang='lat' dir='ltr'>vita</span> <span class='ocrx_word' id='word_1_61' title='bbox 1140 710 1322 743; x_wconf 78' lang='lat' dir='ltr'>viventium.</span> 
     </span>
    </p>

    <p class='ocr_par' dir='ltr' id='par_1_7' title="bbox 190 764 1420 948">
     <span class='ocr_line' id='line_1_12' title="bbox 190 764 1364 806; baseline 0.001 -9"><span class='ocrx_word' id='word_1_62' title='bbox 190 766 223 798; x_wconf 86' lang='lat'>3.</span> <span class='ocrx_word' id='word_1_63' title='bbox 249 764 360 797; x_wconf 76' lang='lat' dir='ltr'>Mores</span> <span class='ocrx_word' id='word_1_64' title='bbox 384 765 506 797; x_wconf 86' lang='lat' dir='ltr'>habens</span> <span class='ocrx_word' id='word_1_65' title='bbox 531 765 691 806; x_wconf 81' lang='lat' dir='ltr'>angelicos</span> <span class='ocrx_word' id='word_1_66' title='bbox 877 767 908 799; x_wconf 75' lang='lat'>7.</span> <span class='ocrx_word' id='word_1_67' title='bbox 932 766 1030 805; x_wconf 83' lang='lat' dir='ltr'>Ergo,</span> <span class='ocrx_word' id='word_1_68' title='bbox 1059 764 1222 797; x_wconf 80' lang='lat' dir='ltr'>confessor</span> <span class='ocrx_word' id='word_1_69' title='bbox 1245 766 1364 806; x_wconf 82' lang='lat' dir='ltr'>inclite,</span> 
     </span>
     <span class='ocr_line' id='line_1_13' title="bbox 249 811 1399 852; baseline 0.002 -9"><span class='ocrx_word' id='word_1_70' title='bbox 249 811 382 852; x_wconf 81' lang='lat' dir='ltr'>Semper</span> <span class='ocrx_word' id='word_1_71' title='bbox 407 821 477 844; x_wconf 89' lang='lat' dir='ltr'>eras</span> <span class='ocrx_word' id='word_1_72' title='bbox 503 822 574 844; x_wconf 87' lang='lat' dir='ltr'>oum</span> <span class='ocrx_word' id='word_1_73' title='bbox 599 811 754 845; x_wconf 88' lang='lat' dir='ltr'>fratribus</span> <span class='ocrx_word' id='word_1_74' title='bbox 934 813 1055 845; x_wconf 85' lang='lat' dir='ltr'>Lumen</span> <span class='ocrx_word' id='word_1_75' title='bbox 1084 813 1171 845; x_wconf 85' lang='lat' dir='ltr'>vitae</span> <span class='ocrx_word' id='word_1_76' title='bbox 1194 815 1399 852; x_wconf 73' lang='lat' dir='ltr'>monasticae,</span> 
     </span>
     <span class='ocr_line' id='line_1_14' title="bbox 249 860 1420 903; baseline 0.003 -12"><span class='ocrx_word' id='word_1_77' title='bbox 249 860 338 900; x_wconf 83' lang='lat' dir='ltr'>Pius,</span> <span class='ocrx_word' id='word_1_78' title='bbox 364 860 531 900; x_wconf 86' lang='lat' dir='ltr'>benignus,</span> <span class='ocrx_word' id='word_1_79' title='bbox 556 860 695 903; x_wconf 85' lang='lat' dir='ltr'>humilis,</span> <span class='ocrx_word' id='word_1_80' title='bbox 933 860 1056 892; x_wconf 76' lang='lat' dir='ltr'>Sedens</span> <span class='ocrx_word' id='word_1_81' title='bbox 1080 860 1114 892; x_wconf 87' lang='lat' dir='ltr'>in</span> <span class='ocrx_word' id='word_1_82' title='bbox 1140 861 1236 892; x_wconf 76' lang='lat' dir='ltr'>choro</span> <span class='ocrx_word' id='word_1_83' title='bbox 1261 870 1420 902; x_wconf 87' lang='lat' dir='ltr'>superum,</span> 
     </span>
     <span class='ocr_line' id='line_1_15' title="bbox 248 907 1401 948; baseline 0.002 -10"><span class='ocrx_word' id='word_1_84' title='bbox 248 907 346 939; x_wconf 82' lang='lat' dir='ltr'>Sacro</span> <span class='ocrx_word' id='word_1_85' title='bbox 372 907 513 948; x_wconf 88' lang='lat' dir='ltr'>repletus</span> <span class='ocrx_word' id='word_1_86' title='bbox 539 907 666 947; x_wconf 86' lang='lat' dir='ltr'>spiritu.</span> <span class='ocrx_word' id='word_1_87' title='bbox 934 908 998 940; x_wconf 84' lang='lat' dir='ltr'>Ora</span> <span class='ocrx_word' id='word_1_88' title='bbox 1021 917 1081 947; x_wconf 86' lang='lat' dir='ltr'>pro</span> <span class='ocrx_word' id='word_1_89' title='bbox 1106 908 1197 940; x_wconf 86' lang='lat' dir='ltr'>nobis</span> <span class='ocrx_word' id='word_1_90' title='bbox 1223 908 1401 940; x_wconf 88' lang='lat' dir='ltr'>Dominum.</span> 
     </span>
    </p>

    <p class='ocr_par' dir='ltr' id='par_1_8' title="bbox 185 963 1379 1141">
     <span class='ocr_line' id='line_1_16' title="bbox 185 963 1302 1007; baseline 0 -11"><span class='ocrx_word' id='word_1_91' title='bbox 185 965 221 997; x_wconf 88' lang='lat'>4.</span> <span class='ocrx_word' id='word_1_92' title='bbox 248 963 298 995; x_wconf 91' lang='lat' dir='ltr'>Tu</span> <span class='ocrx_word' id='word_1_93' title='bbox 322 963 482 996; x_wconf 86' lang='lat' dir='ltr'>mandatis</span> <span class='ocrx_word' id='word_1_94' title='bbox 509 964 675 996; x_wconf 76' lang='lat' dir='ltr'>dominicis</span> <span class='ocrx_word' id='word_1_95' title='bbox 876 966 907 998; x_wconf 90' lang='lat'>8.</span> <span class='ocrx_word' id='word_1_96' title='bbox 936 964 1047 996; x_wconf 81' lang='lat' dir='ltr'>Gloria</span> <span class='ocrx_word' id='word_1_97' title='bbox 1072 964 1131 996; x_wconf 87' lang='lat' dir='ltr'>tibi</span> <span class='ocrx_word' id='word_1_98' title='bbox 1155 965 1302 1007; x_wconf 60' lang='lat' dir='ltr'>Domino,</span> 
     </span>
     <span class='ocr_line' id='line_1_17' title="bbox 251 1011 1231 1052; baseline 0 -9"><span class='ocrx_word' id='word_1_99' title='bbox 251 1011 380 1044; x_wconf 81' lang='lat' dir='ltr'>Cunctis</span> <span class='ocrx_word' id='word_1_100' title='bbox 405 1011 514 1043; x_wconf 85' lang='lat' dir='ltr'>stabas</span> <span class='ocrx_word' id='word_1_101' title='bbox 539 1011 703 1052; x_wconf 83' lang='lat' dir='ltr'>sollicitus,</span> <span class='ocrx_word' id='word_1_102' title='bbox 936 1011 1046 1043; x_wconf 82' lang='lat' dir='ltr'>Gloria</span> <span class='ocrx_word' id='word_1_103' title='bbox 1069 1011 1231 1052; x_wconf 83' lang='lat' dir='ltr'>unigenito</span> 
     </span>
     <span class='ocr_line' id='line_1_18' title="bbox 249 1058 1379 1098; baseline 0.001 -8"><span class='ocrx_word' id='word_1_104' title='bbox 249 1058 420 1098; x_wconf 81' lang='lat' dir='ltr'>Nunquam</span> <span class='ocrx_word' id='word_1_105' title='bbox 452 1067 579 1091; x_wconf 88' lang='lat' dir='ltr'>cessans</span> <span class='ocrx_word' id='word_1_106' title='bbox 605 1060 772 1091; x_wconf 87' lang='lat' dir='ltr'>exsolvere</span> <span class='ocrx_word' id='word_1_107' title='bbox 933 1058 1007 1091; x_wconf 88' lang='lat' dir='ltr'>Una</span> <span class='ocrx_word' id='word_1_108' title='bbox 1032 1067 1102 1091; x_wconf 85' lang='lat' dir='ltr'>cum</span> <span class='ocrx_word' id='word_1_109' title='bbox 1127 1062 1236 1091; x_wconf 81' lang='lat' dir='ltr'>sancto</span> <span class='ocrx_word' id='word_1_110' title='bbox 1263 1059 1379 1097; x_wconf 86' lang='lat' dir='ltr'>spiritu</span> 
     </span>
     <span class='ocr_line' id='line_1_19' title="bbox 247 1105 1356 1141; baseline 0 -3"><span class='ocrx_word' id='word_1_111' title='bbox 247 1105 375 1138; x_wconf 86' lang='lat' dir='ltr'>Laudes</span> <span class='ocrx_word' id='word_1_112' title='bbox 402 1105 471 1138; x_wconf 88' lang='lat' dir='ltr'>Deo</span> <span class='ocrx_word' id='word_1_113' title='bbox 497 1106 679 1139; x_wconf 85' lang='lat' dir='ltr'>altissimas.</span> <span class='ocrx_word' id='word_1_114' title='bbox 935 1107 973 1138; x_wconf 89' lang='lat' dir='ltr'>In</span> <span class='ocrx_word' id='word_1_115' title='bbox 998 1106 1195 1138; x_wconf 81' lang='lat' dir='ltr'>saeculorum</span> <span class='ocrx_word' id='word_1_116' title='bbox 1220 1107 1356 1141; x_wconf 81' lang='lat' dir='ltr'>saecula.</span> 
     </span>
    </p>
   </div>
   <div class='ocr_carea' id='block_1_5' title="bbox 188 1188 1503 1417">
    <p class='ocr_par' dir='ltr' id='par_1_9' title="bbox 188 1188 1503 1417">
     <span class='ocr_line' id='line_1_20' title="bbox 264 1188 1501 1228; baseline 0 -10"><span class='ocrx_word' id='word_1_117' title='bbox 264 1191 375 1226; x_wconf 81' lang='lat' dir='ltr'>Hymn.</span> <span class='ocrx_word' id='word_1_118' title='bbox 396 1199 449 1218; x_wconf 88' lang='lat' dir='ltr'>ms.</span> <span class='ocrx_word' id='word_1_119' title='bbox 472 1190 500 1218; x_wconf 85' lang='lat' dir='ltr'>S.</span> <span class='ocrx_word' id='word_1_120' title='bbox 518 1190 654 1228; x_wconf 81' lang='lat' dir='ltr'>Gregorii</span> <span class='ocrx_word' id='word_1_121' title='bbox 674 1193 707 1219; x_wconf 86' lang='lat' dir='ltr'>in</span> <span class='ocrx_word' id='word_1_122' title='bbox 720 1191 802 1220; x_wconf 83' lang='lat' dir='ltr'>Urbe</span> <span class='ocrx_word' id='word_1_123' title='bbox 820 1199 896 1219; x_wconf 80' lang='lat' dir='ltr'>saec.</span> <span class='ocrx_word' id='word_1_124' title='bbox 919 1189 962 1218; x_wconf 85' lang='lat'><strong>14.</strong></span> <span class='ocrx_word' id='word_1_125' title='bbox 999 1190 1067 1218; x_wconf 78' lang='lat' dir='ltr'><strong>Cod.</strong></span> <span class='ocrx_word' id='word_1_126' title='bbox 1081 1191 1216 1219; x_wconf 79' lang='lat' dir='ltr'>Vatican.</span> <span class='ocrx_word' id='word_1_127' title='bbox 1239 1188 1321 1218; x_wconf 82' lang='lat'><strong>7599.</strong></span> <span class='ocrx_word' id='word_1_128' title='bbox 1343 1191 1407 1219; x_wconf 83' lang='lat' dir='ltr'><strong>add.</strong></span> <span class='ocrx_word' id='word_1_129' title='bbox 1425 1200 1501 1220; x_wconf 83' lang='lat' dir='ltr'>saec.</span> 
     </span>
     <span class='ocr_line' id='line_1_21' title="bbox 189 1227 1503 1265; baseline -0.001 -8"><span class='ocrx_word' id='word_1_130' title='bbox 189 1227 235 1257; x_wconf 76' lang='grc'>14.</span> <span class='ocrx_word' id='word_1_131' title='bbox 256 1229 291 1256; x_wconf 86' lang='grc' dir='ltr'>Α.</span> <span class='ocrx_word' id='word_1_132' title='bbox 310 1244 348 1249; x_wconf 88' lang='grc'>-</span> <span class='ocrx_word' id='word_1_133' title='bbox 369 1230 454 1257; x_wconf 81' lang='lat' dir='ltr'>Brev.</span> <span class='ocrx_word' id='word_1_134' title='bbox 480 1237 533 1256; x_wconf 85' lang='lat' dir='ltr'>ms.</span> <span class='ocrx_word' id='word_1_135' title='bbox 554 1229 768 1257; x_wconf 77' lang='lat' dir='ltr'>Monachorum</span> <span class='ocrx_word' id='word_1_136' title='bbox 786 1229 964 1265; x_wconf 75' lang='lat' dir='ltr'>Angelorum</span> <span class='ocrx_word' id='word_1_137' title='bbox 984 1229 1112 1257; x_wconf 76' lang='lat' dir='ltr'>Florent.</span> <span class='ocrx_word' id='word_1_138' title='bbox 1140 1237 1216 1256; x_wconf 79' lang='lat' dir='ltr'>saec.</span> <span class='ocrx_word' id='word_1_139' title='bbox 1239 1227 1284 1257; x_wconf 82' lang='lat'><strong>15.</strong></span> <span class='ocrx_word' id='word_1_140' title='bbox 1325 1228 1394 1257; x_wconf 78' lang='lat' dir='ltr'><strong>Ood.</strong></span> <span class='ocrx_word' id='word_1_141' title='bbox 1420 1230 1503 1258; x_wconf 70' lang='lat' dir='ltr'>Vati-</span> 
     </span>
     <span class='ocr_line' id='line_1_22' title="bbox 188 1265 1501 1296; baseline -0.001 -1"><span class='ocrx_word' id='word_1_142' title='bbox 188 1276 256 1295; x_wconf 74' lang='lat' dir='ltr'>can.</span> <span class='ocrx_word' id='word_1_143' title='bbox 278 1267 383 1295; x_wconf 87' lang='lat' dir='ltr'>Urbin.</span> <span class='ocrx_word' id='word_1_144' title='bbox 408 1265 473 1295; x_wconf 84' lang='lat'><strong>599.</strong></span> <span class='ocrx_word' id='word_1_145' title='bbox 493 1267 527 1295; x_wconf 86' lang='lat' dir='ltr'>B.</span> <span class='ocrx_word' id='word_1_146' title='bbox 548 1282 586 1286; x_wconf 89' lang='lat'><strong>—</strong></span> <span class='ocrx_word' id='word_1_147' title='bbox 606 1267 697 1295; x_wconf 75' lang='lat' dir='ltr'>Psalt.</span> <span class='ocrx_word' id='word_1_148' title='bbox 723 1277 775 1295; x_wconf 89' lang='lat' dir='ltr'>ms.</span> <span class='ocrx_word' id='word_1_149' title='bbox 792 1267 1014 1295; x_wconf 81' lang='lat' dir='ltr'>Camaldulense</span> <span class='ocrx_word' id='word_1_150' title='bbox 1037 1275 1112 1295; x_wconf 79' lang='lat' dir='ltr'>saec,</span> <span class='ocrx_word' id='word_1_151' title='bbox 1136 1265 1179 1295; x_wconf 84' lang='lat'>15.</span> <span class='ocrx_word' id='word_1_152' title='bbox 1220 1267 1290 1294; x_wconf 82' lang='lat' dir='ltr'><strong>Cod.</strong></span> <span class='ocrx_word' id='word_1_153' title='bbox 1311 1268 1501 1296; x_wconf 71' lang='lat' dir='ltr'>Laurentian.</span> 
     </span>
     <span class='ocr_line' id='line_1_23' title="bbox 189 1303 1502 1342; baseline -0.001 -9"><span class='ocrx_word' id='word_1_154' title='bbox 189 1305 283 1334; x_wconf 83' lang='lat' dir='ltr'>Oonv.</span> <span class='ocrx_word' id='word_1_155' title='bbox 308 1313 372 1341; x_wconf 82' lang='lat' dir='ltr'>sup.</span> <span class='ocrx_word' id='word_1_156' title='bbox 398 1303 462 1333; x_wconf 84' lang='lat'><strong>542.</strong></span> <span class='ocrx_word' id='word_1_157' title='bbox 490 1305 520 1333; x_wconf 73' lang='grc' dir='ltr'>Ο.</span> <span class='ocrx_word' id='word_1_158' title='bbox 543 1320 577 1324; x_wconf 77' lang='lat'>—</span> <span class='ocrx_word' id='word_1_159' title='bbox 605 1306 691 1333; x_wconf 72' lang='lat' dir='ltr'>Brev.</span> <span class='ocrx_word' id='word_1_160' title='bbox 716 1314 769 1333; x_wconf 85' lang='lat' dir='ltr'>ms.</span> <span class='ocrx_word' id='word_1_161' title='bbox 798 1305 827 1332; x_wconf 89' lang='lat' dir='ltr'>S.</span> <span class='ocrx_word' id='word_1_162' title='bbox 847 1305 1003 1333; x_wconf 72' lang='lat' dir='ltr'>Michaelis</span> <span class='ocrx_word' id='word_1_163' title='bbox 1029 1305 1064 1333; x_wconf 83' lang='lat' dir='ltr'>de</span> <span class='ocrx_word' id='word_1_164' title='bbox 1083 1305 1182 1342; x_wconf 84' lang='lat' dir='ltr'>Burgo</span> <span class='ocrx_word' id='word_1_165' title='bbox 1207 1303 1307 1340; x_wconf 87' lang='lat' dir='ltr'>(Pisis)</span> <span class='ocrx_word' id='word_1_166' title='bbox 1327 1308 1397 1333; x_wconf 81' lang='lat' dir='ltr'>anni</span> <span class='ocrx_word' id='word_1_167' title='bbox 1420 1305 1502 1334; x_wconf 51' lang='lat'><strong>1457.</strong></span> 
     </span>
     <span class='ocr_line' id='line_1_24' title="bbox 190 1341 1503 1372; baseline -0.001 -1"><span class='ocrx_word' id='word_1_168' title='bbox 190 1343 261 1371; x_wconf 78' lang='grc' dir='ltr'>Οοᾶ.</span> <span class='ocrx_word' id='word_1_169' title='bbox 288 1344 452 1371; x_wconf 71' lang='lat' dir='ltr'>Ravennat.</span> <span class='ocrx_word' id='word_1_170' title='bbox 479 1341 543 1371; x_wconf 79' lang='lat'><strong>139.</strong></span> <span class='ocrx_word' id='word_1_171' title='bbox 572 1342 596 1371; x_wconf 86' lang='lat'>1.</span> <span class='ocrx_word' id='word_1_172' title='bbox 622 1344 652 1370; x_wconf 88' lang='lat' dir='ltr'>Z.</span> <span class='ocrx_word' id='word_1_173' title='bbox 681 1345 717 1372; x_wconf 94' lang='lat' dir='ltr'><strong>D.</strong></span> <span class='ocrx_word' id='word_1_174' title='bbox 747 1360 785 1364; x_wconf 91' lang='lat'>—</span> <span class='ocrx_word' id='word_1_175' title='bbox 809 1344 902 1371; x_wconf 68' lang='lat' dir='ltr'>Psalb.</span> <span class='ocrx_word' id='word_1_176' title='bbox 927 1352 981 1371; x_wconf 86' lang='lat' dir='ltr'>ms.</span> <span class='ocrx_word' id='word_1_177' title='bbox 1003 1343 1228 1371; x_wconf 77' lang='lat' dir='ltr'>Gamaldulense</span> <span class='ocrx_word' id='word_1_178' title='bbox 1247 1351 1322 1370; x_wconf 74' lang='lat' dir='ltr'>saere.</span> <span class='ocrx_word' id='word_1_179' title='bbox 1345 1342 1389 1371; x_wconf 83' lang='lat'>15.</span> <span class='ocrx_word' id='word_1_180' title='bbox 1431 1344 1503 1372; x_wconf 77' lang='lat' dir='ltr'>Ooci.</span> 
     </span>
     <span class='ocr_line' id='line_1_25' title="bbox 188 1379 1388 1417; baseline -0.002 -8"><span class='ocrx_word' id='word_1_181' title='bbox 188 1383 348 1410; x_wconf 78' lang='lat' dir='ltr'>Taurinen.</span> <span class='ocrx_word' id='word_1_182' title='bbox 370 1382 390 1410; x_wconf 85' lang='lat' dir='ltr'><strong>J</strong></span> <span class='ocrx_word' id='word_1_183' title='bbox 409 1381 426 1409; x_wconf 85' lang='grc' dir='ltr'>Ι</span> <span class='ocrx_word' id='word_1_184' title='bbox 444 1379 491 1409; x_wconf 84' lang='grc'>41.</span> <span class='ocrx_word' id='word_1_185' title='bbox 511 1381 547 1408; x_wconf 85' lang='grc' dir='ltr'>Ε.</span> <span class='ocrx_word' id='word_1_186' title='bbox 568 1396 605 1400; x_wconf 94' lang='lat'><em>-</em></span> <span class='ocrx_word' id='word_1_187' title='bbox 625 1383 711 1410; x_wconf 88' lang='lat' dir='ltr'>Brev.</span> <span class='ocrx_word' id='word_1_188' title='bbox 734 1381 956 1410; x_wconf 66' lang='lat' dir='ltr'>Camaldulense</span> <span class='ocrx_word' id='word_1_189' title='bbox 976 1383 1046 1417; x_wconf 86' lang='lat' dir='ltr'>imp.</span> <span class='ocrx_word' id='word_1_190' title='bbox 1066 1381 1236 1409; x_wconf 82' lang='lat' dir='ltr'>Florentiae</span> <span class='ocrx_word' id='word_1_191' title='bbox 1257 1379 1339 1409; x_wconf 62' lang='lat'><strong>1454.</strong></span> <span class='ocrx_word' id='word_1_192' title='bbox 1356 1382 1388 1409; x_wconf 88' lang='lat' dir='ltr'><strong>F.</strong></span> 
     </span>
    </p>
   </div>
   <div class='ocr_carea' id='block_1_6' title="bbox 605 1501 1078 1534">
    <p class='ocr_par' dir='ltr' id='par_1_10' title="bbox 605 1501 1078 1534">
     <span class='ocr_line' id='line_1_26' title="bbox 605 1501 1078 1534; baseline 0 -1"><span class='ocrx_word' id='word_1_193' title='bbox 605 1502 674 1534; x_wconf 89' lang='grc'>408.</span> <span class='ocrx_word' id='word_1_194' title='bbox 707 1502 750 1534; x_wconf 82' lang='lat' dir='ltr'>De</span> <span class='ocrx_word' id='word_1_195' title='bbox 769 1503 877 1534; x_wconf 80' lang='lat' dir='ltr'>sancto</span> <span class='ocrx_word' id='word_1_196' title='bbox 897 1501 1078 1533; x_wconf 75' lang='lat' dir='ltr'>Romualdo.</span> 
     </span>
    </p>
   </div>
   <div class='ocr_carea' id='block_1_7' title="bbox 718 1579 976 1610">
    <p class='ocr_par' dir='ltr' id='par_1_11' title="bbox 718 1579 976 1610">
     <span class='ocr_line' id='line_1_27' title="bbox 718 1579 976 1610; baseline -0.008 -1"><span class='ocrx_word' id='word_1_197' title='bbox 718 1580 767 1610; x_wconf 83' lang='lat' dir='ltr'>Ad</span> <span class='ocrx_word' id='word_1_198' title='bbox 785 1579 976 1610; x_wconf 81' lang='lat' dir='ltr'>Nocturnum.</span> 
     </span>
    </p>
   </div>
   <div class='ocr_carea' id='block_1_8' title="bbox 189 1658 1384 1701">
    <p class='ocr_par' dir='ltr' id='par_1_12' title="bbox 189 1658 1384 1701">
     <span class='ocr_line' id='line_1_28' title="bbox 189 1658 1384 1701; baseline -0.002 -9"><span class='ocrx_word' id='word_1_199' title='bbox 189 1660 219 1694; x_wconf 90' lang='lat'>1.</span> <span class='ocrx_word' id='word_1_200' title='bbox 247 1658 414 1692; x_wconf 79' lang='lat' dir='ltr'>Sacratum</span> <span class='ocrx_word' id='word_1_201' title='bbox 441 1660 525 1692; x_wconf 86' lang='lat' dir='ltr'>diem</span> <span class='ocrx_word' id='word_1_202' title='bbox 551 1669 698 1701; x_wconf 89' lang='lat' dir='ltr'>annuum,</span> <span class='ocrx_word' id='word_1_203' title='bbox 878 1662 910 1693; x_wconf 87' lang='lat'><strong>5.</strong></span> <span class='ocrx_word' id='word_1_204' title='bbox 935 1658 1033 1692; x_wconf 84' lang='lat' dir='ltr'>Multi</span> <span class='ocrx_word' id='word_1_205' title='bbox 1057 1660 1208 1691; x_wconf 81' lang='lat' dir='ltr'>curantur</span> <span class='ocrx_word' id='word_1_206' title='bbox 1231 1658 1384 1699; x_wconf 83' lang='lat' dir='ltr'>languidi,</span> 
     </span>
    </p>
   </div>
   <div class='ocr_carea' id='block_1_9' title="bbox 188 1706 1477 2397">
    <p class='ocr_par' dir='ltr' id='par_1_13' title="bbox 246 1706 1456 1842">
     <span class='ocr_line' id='line_1_29' title="bbox 246 1706 1377 1752; baseline -0.001 -14"><span class='ocrx_word' id='word_1_207' title='bbox 246 1706 365 1749; x_wconf 82' lang='lat' dir='ltr'>Magno</span> <span class='ocrx_word' id='word_1_208' title='bbox 392 1708 532 1741; x_wconf 77' lang='lat' dir='ltr'>colamus</span> <span class='ocrx_word' id='word_1_209' title='bbox 558 1708 685 1752; x_wconf 78' lang='lat' dir='ltr'>gaudio,</span> <span class='ocrx_word' id='word_1_210' title='bbox 936 1707 980 1739; x_wconf 86' lang='lat' dir='ltr'>Et</span> <span class='ocrx_word' id='word_1_211' title='bbox 1005 1706 1182 1747; x_wconf 83' lang='lat' dir='ltr'>effugantur</span> <span class='ocrx_word' id='word_1_212' title='bbox 1208 1706 1377 1738; x_wconf 82' lang='lat' dir='ltr'>daemones</span> 
     </span>
     <span class='ocr_line' id='line_1_30' title="bbox 248 1752 1456 1795; baseline -0.002 -7"><span class='ocrx_word' id='word_1_213' title='bbox 248 1756 327 1788; x_wconf 88' lang='lat' dir='ltr'>Cum</span> <span class='ocrx_word' id='word_1_214' title='bbox 351 1755 549 1788; x_wconf 82' lang='lat' dir='ltr'>Romualdus</span> <span class='ocrx_word' id='word_1_215' title='bbox 574 1755 762 1795; x_wconf 86' lang='lat' dir='ltr'>splendidus</span> <span class='ocrx_word' id='word_1_216' title='bbox 936 1755 991 1787; x_wconf 86' lang='lat' dir='ltr'>Ad</span> <span class='ocrx_word' id='word_1_217' title='bbox 1021 1754 1148 1786; x_wconf 86' lang='lat' dir='ltr'>laudem</span> <span class='ocrx_word' id='word_1_218' title='bbox 1176 1752 1296 1786; x_wconf 82' lang='lat' dir='ltr'>Christi</span> <span class='ocrx_word' id='word_1_219' title='bbox 1319 1754 1456 1785; x_wconf 85' lang='lat' dir='ltr'>nominis</span> 
     </span>
     <span class='ocr_line' id='line_1_31' title="bbox 251 1801 1369 1842; baseline -0.002 -9"><span class='ocrx_word' id='word_1_220' title='bbox 251 1802 348 1834; x_wconf 83' lang='lat' dir='ltr'>Felix</span> <span class='ocrx_word' id='word_1_221' title='bbox 371 1804 521 1842; x_wconf 79' lang='lat' dir='ltr'>migravit,</span> <span class='ocrx_word' id='word_1_222' title='bbox 545 1803 684 1837; x_wconf 70' lang='lat' dir='ltr'>saeculo.</span> <span class='ocrx_word' id='word_1_223' title='bbox 937 1802 982 1833; x_wconf 83' lang='lat' dir='ltr'>Et</span> <span class='ocrx_word' id='word_1_224' title='bbox 1008 1801 1199 1833; x_wconf 81' lang='lat' dir='ltr'>confessoris</span> <span class='ocrx_word' id='word_1_225' title='bbox 1225 1801 1369 1841; x_wconf 79' lang='lat' dir='ltr'>gloriam.</span> 
     </span>
    </p>

    <p class='ocr_par' dir='ltr' id='par_1_14' title="bbox 189 1857 1473 2043">
     <span class='ocr_line' id='line_1_32' title="bbox 189 1857 1473 1897; baseline -0.002 -5"><span class='ocrx_word' id='word_1_226' title='bbox 189 1861 221 1894; x_wconf 87' lang='lat'>2.</span> <span class='ocrx_word' id='word_1_227' title='bbox 249 1859 332 1891; x_wconf 84' lang='lat' dir='ltr'>Nam</span> <span class='ocrx_word' id='word_1_228' title='bbox 358 1860 511 1892; x_wconf 88' lang='lat' dir='ltr'>oriundus</span> <span class='ocrx_word' id='word_1_229' title='bbox 538 1859 661 1891; x_wconf 76' lang='lat' dir='ltr'>exstitit</span> <span class='ocrx_word' id='word_1_230' title='bbox 881 1860 911 1891; x_wconf 88' lang='grc'>6.</span> <span class='ocrx_word' id='word_1_231' title='bbox 937 1859 1002 1891; x_wconf 87' lang='lat' dir='ltr'>Per</span> <span class='ocrx_word' id='word_1_232' title='bbox 1026 1866 1142 1889; x_wconf 88' lang='lat' dir='ltr'>annum</span> <span class='ocrx_word' id='word_1_233' title='bbox 1169 1866 1293 1897; x_wconf 86' lang='lat' dir='ltr'>quoque</span> <span class='ocrx_word' id='word_1_234' title='bbox 1315 1857 1473 1897; x_wconf 86' lang='lat' dir='ltr'>integrum</span> 
     </span>
     <span class='ocr_line' id='line_1_33' title="bbox 246 1905 1319 1949; baseline -0.005 -9"><span class='ocrx_word' id='word_1_235' title='bbox 246 1907 348 1940; x_wconf 83' lang='lat' dir='ltr'>Urbis</span> <span class='ocrx_word' id='word_1_236' title='bbox 373 1907 548 1940; x_wconf 72' lang='lat' dir='ltr'>Ravennae</span> <span class='ocrx_word' id='word_1_237' title='bbox 571 1906 699 1949; x_wconf 82' lang='lat' dir='ltr'>nobilis,</span> <span class='ocrx_word' id='word_1_238' title='bbox 937 1905 1029 1937; x_wconf 80' lang='lat' dir='ltr'>Nihil</span> <span class='ocrx_word' id='word_1_239' title='bbox 1057 1905 1197 1945; x_wconf 75' lang='lat' dir='ltr'>gustavit</span> <span class='ocrx_word' id='word_1_240' title='bbox 1221 1905 1319 1944; x_wconf 81' lang='lat' dir='ltr'>aliud,</span> 
     </span>
     <span class='ocr_line' id='line_1_34' title="bbox 245 1952 1344 1995; baseline -0.005 -8"><span class='ocrx_word' id='word_1_241' title='bbox 245 1955 298 1987; x_wconf 83' lang='lat' dir='ltr'>Ex</span> <span class='ocrx_word' id='word_1_242' title='bbox 325 1955 411 1989; x_wconf 85' lang='lat' dir='ltr'>claro</span> <span class='ocrx_word' id='word_1_243' title='bbox 439 1955 553 1987; x_wconf 85' lang='lat' dir='ltr'>ducum</span> <span class='ocrx_word' id='word_1_244' title='bbox 579 1963 695 1995; x_wconf 86' lang='lat' dir='ltr'>genere</span> <span class='ocrx_word' id='word_1_245' title='bbox 938 1953 1036 1992; x_wconf 75' lang='lat' dir='ltr'>Quam</span> <span class='ocrx_word' id='word_1_246' title='bbox 1067 1953 1179 1984; x_wconf 82' lang='lat' dir='ltr'>ciceris</span> <span class='ocrx_word' id='word_1_247' title='bbox 1201 1952 1344 1991; x_wconf 90' lang='lat' dir='ltr'>quotidie</span> 
     </span>
     <span class='ocr_line' id='line_1_35' title="bbox 246 2000 1422 2043; baseline -0.003 -7"><span class='ocrx_word' id='word_1_248' title='bbox 246 2003 361 2036; x_wconf 84' lang='lat' dir='ltr'>Carnis</span> <span class='ocrx_word' id='word_1_249' title='bbox 392 2003 485 2036; x_wconf 80' lang='lat' dir='ltr'>duxit</span> <span class='ocrx_word' id='word_1_250' title='bbox 509 2003 674 2043; x_wconf 82' lang='lat' dir='ltr'>originem.</span> <span class='ocrx_word' id='word_1_251' title='bbox 934 2000 1096 2041; x_wconf 74' lang='lat' dir='ltr'>Pugillum</span> <span class='ocrx_word' id='word_1_252' title='bbox 1120 2000 1253 2040; x_wconf 83' lang='lat' dir='ltr'>plenum</span> <span class='ocrx_word' id='word_1_253' title='bbox 1276 2008 1422 2040; x_wconf 82' lang='lat' dir='ltr'>vespere.</span> 
     </span>
    </p>

    <p class='ocr_par' dir='ltr' id='par_1_15' title="bbox 188 2057 1477 2246">
     <span class='ocr_line' id='line_1_36' title="bbox 188 2057 1477 2102; baseline -0.004 -8"><span class='ocrx_word' id='word_1_254' title='bbox 188 2063 220 2097; x_wconf 86' lang='lat'><strong>3.</strong></span> <span class='ocrx_word' id='word_1_255' title='bbox 248 2062 313 2094; x_wconf 87' lang='lat' dir='ltr'>Hio</span> <span class='ocrx_word' id='word_1_256' title='bbox 336 2061 444 2102; x_wconf 84' lang='lat' dir='ltr'>largas</span> <span class='ocrx_word' id='word_1_257' title='bbox 469 2069 566 2101; x_wconf 89' lang='lat' dir='ltr'>opum</span> <span class='ocrx_word' id='word_1_258' title='bbox 591 2060 698 2100; x_wconf 84' lang='lat' dir='ltr'>copias</span> <span class='ocrx_word' id='word_1_259' title='bbox 878 2061 908 2093; x_wconf 81' lang='lat'><strong>7.</strong></span> <span class='ocrx_word' id='word_1_260' title='bbox 937 2057 1060 2090; x_wconf 85' lang='lat' dir='ltr'>Dehinc</span> <span class='ocrx_word' id='word_1_261' title='bbox 1084 2065 1144 2098; x_wconf 88' lang='lat' dir='ltr'>per</span> <span class='ocrx_word' id='word_1_262' title='bbox 1170 2066 1268 2089; x_wconf 85' lang='lat' dir='ltr'>annos</span> <span class='ocrx_word' id='word_1_263' title='bbox 1294 2057 1477 2096; x_wconf 81' lang='lat' dir='ltr'>quindecim</span> 
     </span>
     <span class='ocr_line' id='line_1_37' title="bbox 247 2104 1381 2150; baseline -0.005 -8"><span class='ocrx_word' id='word_1_264' title='bbox 247 2110 443 2150; x_wconf 85' lang='lat' dir='ltr'>Omnemque</span> <span class='ocrx_word' id='word_1_265' title='bbox 467 2109 579 2141; x_wconf 86' lang='lat' dir='ltr'>mundi</span> <span class='ocrx_word' id='word_1_266' title='bbox 604 2108 738 2150; x_wconf 84' lang='lat' dir='ltr'>gloriam</span> <span class='ocrx_word' id='word_1_267' title='bbox 935 2106 1075 2140; x_wconf 69' lang='lat' dir='ltr'>vivendi</span> <span class='ocrx_word' id='word_1_268' title='bbox 1097 2108 1202 2137; x_wconf 79' lang='lat' dir='ltr'>mutat</span> <span class='ocrx_word' id='word_1_269' title='bbox 1226 2104 1381 2148; x_wconf 79' lang='lat' dir='ltr'>ordinem,</span> 
     </span>
     <span class='ocr_line' id='line_1_38' title="bbox 250 2153 1359 2198; baseline -0.005 -7"><span class='ocrx_word' id='word_1_270' title='bbox 250 2157 390 2198; x_wconf 85' lang='lat' dir='ltr'>Sprevit,</span> <span class='ocrx_word' id='word_1_271' title='bbox 417 2159 453 2190; x_wconf 86' lang='lat' dir='ltr'>ut</span> <span class='ocrx_word' id='word_1_272' title='bbox 475 2157 569 2197; x_wconf 86' lang='lat' dir='ltr'>inops</span> <span class='ocrx_word' id='word_1_273' title='bbox 594 2157 722 2196; x_wconf 86' lang='lat' dir='ltr'>inopem</span> <span class='ocrx_word' id='word_1_274' title='bbox 935 2153 1076 2186; x_wconf 86' lang='lat' dir='ltr'>Sabbato</span> <span class='ocrx_word' id='word_1_275' title='bbox 1104 2162 1175 2185; x_wconf 83' lang='lat' dir='ltr'>cum</span> <span class='ocrx_word' id='word_1_276' title='bbox 1201 2153 1359 2185; x_wconf 85' lang='lat' dir='ltr'>dominica</span> 
     </span>
     <span class='ocr_line' id='line_1_39' title="bbox 250 2201 1332 2246; baseline -0.005 -8"><span class='ocrx_word' id='word_1_277' title='bbox 250 2206 413 2238; x_wconf 76' lang='lat' dir='ltr'>Christum</span> <span class='ocrx_word' id='word_1_278' title='bbox 436 2207 588 2246; x_wconf 84' lang='lat' dir='ltr'>sequatur</span> <span class='ocrx_word' id='word_1_279' title='bbox 612 2204 802 2245; x_wconf 87' lang='lat' dir='ltr'>prinoipem.</span> <span class='ocrx_word' id='word_1_280' title='bbox 937 2202 1159 2235; x_wconf 76' lang='lat' dir='ltr'>Refeotionem</span> <span class='ocrx_word' id='word_1_281' title='bbox 1184 2201 1332 2242; x_wconf 75' lang='lat' dir='ltr'>geminat.</span> 
     </span>
    </p>

    <p class='ocr_par' dir='ltr' id='par_1_16' title="bbox 190 2259 1401 2397">
     <span class='ocr_line' id='line_1_40' title="bbox 190 2259 1401 2300; baseline -0.003 -5"><span class='ocrx_word' id='word_1_282' title='bbox 190 2266 224 2297; x_wconf 87' lang='lat'>4.</span> <span class='ocrx_word' id='word_1_283' title='bbox 251 2264 311 2295; x_wconf 89' lang='lat' dir='ltr'>Vir</span> <span class='ocrx_word' id='word_1_284' title='bbox 335 2263 398 2295; x_wconf 88' lang='lat' dir='ltr'>iste</span> <span class='ocrx_word' id='word_1_285' title='bbox 423 2264 687 2295; x_wconf 83' lang='lat' dir='ltr'>clementissimus</span> <span class='ocrx_word' id='word_1_286' title='bbox 878 2262 909 2295; x_wconf 86' lang='lat'>8.</span> <span class='ocrx_word' id='word_1_287' title='bbox 934 2260 972 2292; x_wconf 87' lang='lat' dir='ltr'>In</span> <span class='ocrx_word' id='word_1_288' title='bbox 999 2260 1080 2292; x_wconf 83' lang='lat' dir='ltr'>cella</span> <span class='ocrx_word' id='word_1_289' title='bbox 1106 2267 1175 2290; x_wconf 86' lang='lat' dir='ltr'>cum</span> <span class='ocrx_word' id='word_1_290' title='bbox 1202 2259 1401 2300; x_wconf 84' lang='lat' dir='ltr'>consisteret,</span> 
     </span>
     <span class='ocr_line' id='line_1_41' title="bbox 247 2307 1370 2352; baseline -0.005 -8"><span class='ocrx_word' id='word_1_291' title='bbox 247 2311 302 2344; x_wconf 84' lang='lat' dir='ltr'>Sic</span> <span class='ocrx_word' id='word_1_292' title='bbox 327 2314 397 2345; x_wconf 79' lang='lat' dir='ltr'>erat</span> <span class='ocrx_word' id='word_1_293' title='bbox 420 2311 490 2344; x_wconf 88' lang='lat' dir='ltr'>Deo</span> <span class='ocrx_word' id='word_1_294' title='bbox 514 2311 662 2352; x_wconf 80' lang='lat' dir='ltr'>placitus,</span> <span class='ocrx_word' id='word_1_295' title='bbox 937 2308 1001 2341; x_wconf 88' lang='lat' dir='ltr'>Ceu</span> <span class='ocrx_word' id='word_1_296' title='bbox 1028 2316 1138 2340; x_wconf 89' lang='lat' dir='ltr'>corvos</span> <span class='ocrx_word' id='word_1_297' title='bbox 1165 2316 1202 2339; x_wconf 81' lang='lat' dir='ltr'>ac</span> <span class='ocrx_word' id='word_1_298' title='bbox 1228 2307 1370 2339; x_wconf 86' lang='lat' dir='ltr'>vultures</span> 
     </span>
     <span class='ocr_line' id='line_1_42' title="bbox 251 2354 1351 2397; baseline -0.005 -5"><span class='ocrx_word' id='word_1_299' title='bbox 251 2359 298 2392; x_wconf 79' lang='lat' dir='ltr'>Ut</span> <span class='ocrx_word' id='word_1_300' title='bbox 321 2358 441 2390; x_wconf 84' lang='lat' dir='ltr'>virtute</span> <span class='ocrx_word' id='word_1_301' title='bbox 464 2358 619 2393; x_wconf 82' lang='lat' dir='ltr'>mirificus</span> <span class='ocrx_word' id='word_1_302' title='bbox 936 2356 1066 2397; x_wconf 85' lang='lat' dir='ltr'>Iniquos</span> <span class='ocrx_word' id='word_1_303' title='bbox 1093 2356 1195 2388; x_wconf 85' lang='lat' dir='ltr'>cernit</span> <span class='ocrx_word' id='word_1_304' title='bbox 1219 2354 1351 2395; x_wconf 83' lang='lat' dir='ltr'>spiritus</span> 
     </span>
    </p>
   </div>
   <div class='ocr_carea' id='block_1_10' title="bbox 254 2403 1319 2447">
    <p class='ocr_par' dir='ltr' id='par_1_17' title="bbox 254 2403 1319 2447">
     <span class='ocr_line' id='line_1_43' title="bbox 254 2403 1319 2447; baseline -0.005 -7"><span class='ocrx_word' id='word_1_305' title='bbox 254 2407 389 2447; x_wconf 85' lang='lat' dir='ltr'>Semper</span> <span class='ocrx_word' id='word_1_306' title='bbox 414 2409 498 2438; x_wconf 69' lang='lat' dir='ltr'>esset.</span> <span class='ocrx_word' id='word_1_307' title='bbox 521 2406 720 2441; x_wconf 78' lang='lat' dir='ltr'>mortalibus¹</span> <span class='ocrx_word' id='word_1_308' title='bbox 936 2403 1005 2437; x_wconf 83' lang='lat' dir='ltr'>Sibi</span> <span class='ocrx_word' id='word_1_309' title='bbox 1030 2412 1127 2445; x_wconf 88' lang='lat' dir='ltr'>saepe</span> <span class='ocrx_word' id='word_1_310' title='bbox 1151 2403 1319 2436; x_wconf 79' lang='lat' dir='ltr'>adsistere.</span> 
     </span>
    </p>
   </div>
  </div>
 </body>
</html>
