1651 2621
641 114 895 149 —205—

112 204 144 237 3.
170 203 268 236 Felix
293 203 417 237 fructus
441 207 594 246 nuptialis
802 211 834 244 4.
861 210 908 242 Te
932 220 1109 251 precamur,
1135 214 1246 244 sancta
1266 216 1378 254 mater,

218 250 406 284 Honestatis
433 255 464 284 et
488 255 623 293 pudoris
909 258 1021 292 Juvari
1046 260 1107 291 tuis
1131 259 1291 302 precibus,

168 297 213 329 Et
238 297 370 330 affectus
395 299 546 341 vidualis,
862 306 961 345 Quam
986 307 1129 346 respexit
1152 306 1239 339 Deus
1264 310 1356 346 pater

218 345 307 377 Dans
334 345 466 379 odorem
491 348 541 381 sui
565 346 664 387 floris,
909 354 948 386 In
973 355 1108 386 sacratis
1133 353 1307 394 affectibus,

172 392 313 426 Nostrae
338 392 424 427 vitae
448 395 605 436 regularis
862 399 976 432 Funde
1000 409 1113 440 preces
1138 401 1187 433 bis
1214 405 1246 433 et
1270 406 1382 442 quater

221 439 325 473 Nobis
357 441 437 474 dant
462 442 565 475 cibum
593 445 744 478 dulcoris,
912 447 1133 481 Coi-roboratis
1157 449 1298 484 vocibus

517 501 547 533 5.
575 500 644 532 Deo
669 503 755 541 patri
777 502 949 541 jubilemus

621 549 699 581 Cum
722 550 857 581 solemni
883 552 1004 583 cantico

572 594 720 635 Filioque
744 597 855 629 laudes
879 599 989 630 demus

620 645 698 675 Cum
724 652 802 676 sono
827 644 972 684 mirifico,

573 690 750 731 Utriusque
777 691 979 725 decantemus

619 736 725 769 Nexui
751 738 925 772 sanctifico.

188 821 275 849 Brev.
295 829 350 848 ms.
370 820 578 857 Augustinian.
601 828 677 849 saec.
701 820 745 850 14.
781 822 850 850 Cod.
871 824 1033 853 Florentin.
1056 826 1146 855 Conv.
1167 835 1229 863 sup.
1252 828 1279 855 D
1300 825 1326 855 8.
1348 824 1431 856 2781.

559 969 626 1001 348.
663 969 706 1001 De
726 971 834 1003 sancto
856 971 990 1004 Nicolao.

382 1050 413 1082 1.
490 1049 559 1081 Rex
583 1058 693 1090 regum
719 1049 807 1082 Deus
833 1051 981 1091 omnium,

440 1096 630 1129 Sanctorum
657 1097 753 1129 decus
780 1101 812 1129 et
835 1099 945 1141 gloria,
972 1100 1026 1140 qui
1053 1101 1149 1132 duces

488 1144 607 1176 Sacrae
628 1145 763 1177 militiae
787 1147 877 1178 novis

442 1191 576 1232 Semper
598 1192 782 1224 muneribus
807 1194 994 1233 perspicuos
1020 1194 1100 1227 facis

383 1250 415 1283 2.
490 1250 593 1282 Ornas
619 1252 651 1281 et
677 1250 859 1282 diademate

440 1297 543 1337 Regni
568 1300 736 1337 perpetuo,
764 1306 824 1338 quo
849 1300 973 1337 pariter
998 1297 1062 1331 frui

490 1345 609 1377 Tecum
636 1345 683 1376 vis
709 1346 779 1377 siue
804 1348 957 1386 tempore,

440 1394 526 1425 Ante
550 1392 704 1432 principii
731 1393 874 1425 constitit,
897 1397 933 1425 ut
959 1393 1053 1427 diem,

384 1452 414 1484 3.
487 1451 616 1482 Adsunt
640 1450 726 1482 unde
751 1450 893 1483 celebria

442 1498 565 1530 Horum
591 1497 676 1529 festa
699 1498 762 1538 piis
787 1499 937 1530 laudibus
963 1507 1077 1540 annua,

490 1545 565 1578 Cum
592 1545 729 1577 muudus
755 1555 813 1578 sua
836 1546 980 1586 praemia

443 1593 506 1625 Per
532 1594 677 1625 dimensa
698 1593 747 1625 sui
772 1594 903 1626 climata
927 1593 1103 1636 praedicat.

381 1653 414 1685 4.
489 1652 536 1683 Te
562 1651 767 1691 poscentibus
792 1660 906 1691 annue,

442 1698 498 1731 Uti
524 1698 698 1731 dulcisonis
724 1698 870 1731 cantibus
895 1699 957 1732 hoc
982 1700 1044 1738 die,

491 1746 593 1778 Sertis
624 1747 750 1786 quando
775 1747 968 1779 micantibus

441 1792 595 1825 Nicolaus
620 1793 690 1826 adit
713 1794 823 1826 sidera
847 1792 1001 1833 fulgidus.

388 1851 418 1881 5.
493 1848 531 1880 In
557 1852 670 1888 quarta
693 1858 775 1888 puer
799 1850 851 1881 hic
875 1851 975 1881 semel

444 1895 497 1927 Ex
521 1898 612 1927 sexta
635 1895 718 1927 feria
741 1899 872 1929 suxerat,
895 1897 1006 1938 ubera,

493 1942 584 1981 Quod
608 1942 758 1975 mirabile
781 1944 953 1982 prandium

446 1990 652 2024 Contractum
677 1991 807 2022 minime
833 1994 865 2022 te
889 1991 959 2023 sine
985 1991 1135 2024 ereditur.

387 2050 417 2083 6.
493 2048 679 2081 Transactis
704 2046 881 2086 puerilibus

447 2096 549 2127 Annis
576 2094 729 2127 ecclesiae
752 2094 872 2126 lumina
896 2096 1024 2134 saepius

495 2143 679 2176 Observans
702 2142 889 2183 patrimonii

446 2191 629 2224 Haeredem
654 2189 726 2222 fieri
750 2192 784 2221 te
808 2190 910 2221 voluit
930 2190 990 2224 sui.

495 2251 584 2282 Auro
610 2257 672 2280 non
699 2247 824 2279 modico
850 2247 911 2279 viri

448 2298 548 2330 Sedat
572 2296 770 2337 pauperiem,
796 2304 889 2334 quam
918 2295 1038 2334 patitur
1063 2295 1170 2335 miser,

498 2345 617 2384 Stupro
643 2344 786 2385 germine
813 2343 935 2374 nobiles

447 2393 529 2426 Tres
557 2402 577 2424 a
601 2402 636 2425 se
660 2392 783 2433 genitas
808 2390 939 2423 tradere
965 2390 1105 2432 virgines

389 2252 418 2283 J!
