1651 2621
654 141 696 150 -—
747 120 909 158 294-—

306 222 361 258 10.
386 220 491 258 Kasta
513 224 732 265 permanserat
756 219 882 261 imperii
903 218 978 263 filia,

383 272 491 311 Usque
516 271 556 303 ad
582 269 692 302 solium
719 270 873 302 Zenonem
899 268 1033 300 invocat.

306 329 358 362 11.
383 325 502 362 Laesus
528 336 584 367 ego
611 325 655 358 fui
681 326 720 357 (le
744 326 804 358 isto
832 333 972 364 corpore,

383 375 415 408 Si
439 375 524 407 Zeno
549 374 679 415 venerit,
706 382 798 413 quam
825 373 956 405 daemon
982 372 1074 406 exiet.

308 435 362 467 12.
388 429 475 466 Misit
500 432 615 463 milites
640 440 698 471 per
721 431 844 470 ignotas
865 429 996 470 patrias,

385 481 542 518 Quaerere
565 479 721 511 homiuem
746 477 900 510 Zenonem
926 477 1061 509 nomine.

310 537 364 570 13.
392 533 469 570 Orno
494 536 526 567 in
551 534 700 575 lapidem,
726 534 851 573 piscans
874 533 907 565 in
931 533 1043 568 Adise,

387 584 435 615 Tu
458 582 548 614 nobis
572 582 678 614 indica
701 581 857 613 Zenonem
881 581 1015 615 nomine.

310 642 364 673 14.
390 637 501 673 Plures
526 641 599 670 sunt
622 637 746 669 nomine
771 645 828 676 per
852 638 1053 677 monasteria,

386 687 466 718 Nam
491 686 518 717 si
543 686 610 717 vult
636 685 750 725 dicere,
777 684 828 716 hic
853 688 909 725 est,
934 693 1023 724 quem
1049 684 1210 724 quaeritis,

310 745 362 778 15.
393 740 474 781 Quid
501 742 631 774 dicimus
656 738 710 785 [ei]
735 743 790 773 aut
814 741 889 781 quid
913 741 1114 783 tabescimus,

386 789 562 822 Jussionem
585 788 710 828 imperii
734 797 854 828 proque
878 798 939 821 non
968 786 1121 821 dicimus?

307 848 360 881 16.
386 843 492 885 Rogat
515 847 546 876 te
569 845 743 888 imperium,
771 845 811 876 ad
837 852 871 876 se
896 847 928 876 te
953 847 1105 878 convocat

384 893 444 925 Pro
469 902 524 924 sua
547 891 623 933 filia,
649 901 740 932 quam
767 892 898 925 daemon
923 891 1065 926 suffocat.

309 951 361 983 17.
388 947 480 983 Tunc
506 948 634 981 daemon
662 948 816 980 exclamat
839 957 897 989 per
921 958 977 980 ora
1001 947 1193 982 infantulae:

385 997 468 1028 Zeno
490 997 555 1035 jam
579 1004 680 1037 prope
705 1000 760 1034 est,
789 998 820 1026 et
844 1004 900 1035 ego
925 995 1020 1035 fugio.

311 1053 365 1086 18.
391 1049 490 1084 Venit
513 1053 688 1091 episcopus,
715 1053 816 1084 virum
840 1053 1065 1092 sanctissimus,

385 1095 500 1143 [Fecit]
525 1099 693 1140 signacula,
721 1097 809 1139 fugat
831 1098 1062 1139 phantasmata.

307 1156 360 1189 19.
386 1153 435 1195 Χ,
463 1154 577 1187 festino
601 1158 674 1187 ante
694 1157 737 1195 te,
764 1155 918 1187 Veronam
945 1156 1072 1188 veniens

386 1202 496 1242 Ibique
518 1202 657 1234 invenies
682 1204 815 1234 stantem
840 1204 872 1235 in
898 1203 1021 1243 plateis.

310 1260 363 1292 20.
390 1255 440 1300 Υ,
467 1258 604 1290 cristallo
631 1258 711 1290 dixit
734 1259 766 1291 in
791 1268 866 1292 auro
891 1259 1012 1299 posito:

385 1305 507 1337 Corona
530 1305 655 1345 imperii
681 1305 813 1338 donetur
837 1307 968 1338 medico.

307 1363 362 1395 21.
387 1359 473 1395 Zeno
498 1361 661 1401 episcopus
685 1363 814 1394 audiens
838 1364 947 1403 populi

387 1408 553 1440 Destruxit.
573 1409 670 1449 idola,
696 1407 771 1441 fecit
795 1409 952 1443 basilicas.

218 1474 284 1502 Cod.
307 1474 399 1510 Capit.
420 1473 560 1501 V-ronen.
582 1471 618 1501 90
637 1481 710 1501 saec.
732 1472 757 1501 9.
779 1489 813 1492 —
841 1473 871 1507 1,
895 1474 909 1502 1
929 1476 1057 1504 Audient
1075 1478 1221 1513 principes
1242 1478 1370 1508 audient.
1391 1497 1428 1501 —

144 1511 175 1548 2,
199 1512 212 1539 1
234 1513 380 1547 Benignus
403 1511 511 1538 amitte.
531 1524 569 1529 —
587 1510 613 1545 4,
635 1510 650 1538 1
673 1512 761 1540 boves
782 1520 845 1540 cum
865 1514 894 1539 in
916 1514 1054 1549 plaustro.
1073 1530 1112 1535 —
1132 1513 1162 1549 6,
1185 1515 1199 1543 1
1221 1525 1308 1552 quam
1333 1526 1429 1546 vocem

140 1551 271 1578 maxima.
292 1564 329 1568 —
345 1551 369 1582 G,
391 1546 408 1575 2
427 1556 525 1575 vocem
546 1550 684 1585 maxima3
705 1549 915 1585 Ditographie‘?
928 1565 963 1570 ——
979 1551 1004 1586 7,
1026 1549 1043 1579 2
1063 1552 1179 1588 Proque
1198 1553 1311 1582 kommt
1329 1557 1430 1584 weiter

139 1591 228 1616 unten
248 1587 353 1615 wieder
371 1595 438 1621 vor,
457 1586 564 1614 wieder
584 1588 624 1614 im
645 1586 734 1614 Sinne
759 1596 812 1615 von
832 1596 928 1624 quare.
951 1603 986 1608 —-
1008 1588 1058 1624 11,
1078 1588 1096 1616 2
1118 1599 1202 1626 quem
1222 1592 1358 1628 daem0n3
1379 1595 1429 1623 be.

139 1627 218 1654 zielit
236 1625 298 1653 sich
320 1624 391 1652 doeh
415 1624 491 1651 wohl
511 1624 564 1651 auf
579 1625 630 1652 das
649 1624 806 1653 Miiclchen:
829 1634 889 1662 ego,
912 1636 1007 1662 quam.
1027 1643 1063 1648 --
1079 1626 1121 1663 12,
1145 1627 1159 1656 1
1173 1630 1258 1657 Misit
1276 1632 1428 1667 militibus,

139 1663 274 1692 wodurch
291 1664 354 1690 cine
373 1661 454 1690 silbe
473 1670 511 1689 zu
528 1662 600 1696 viel3
624 1662 683 1697 vgl.
703 1661 729 1695 7,
752 1662 777 1690 1.
796 1679 833 1684 —
855 1661 898 1698 13,
922 1664 936 1692 1
957 1665 1089 1695 Affisum:
1114 1667 1173 1702 vgl.
1194 1665 1219 1701 3,
1240 1666 1267 1695 2.
1288 1684 1325 1689 —
1346 1669 1390 1705 14,
1413 1670 1428 1699 1

140 1711 182 1738 sq.
203 1701 287 1729 Sinn:
313 1701 355 1728 Es
375 1698 454 1736 giebt
473 1700 549 1727 viele
571 1700 664 1727 dieses
681 1700 820 1735 Namens;
842 1710 924 1729 wenn
945 1702 991 1730 ihr
1011 1697 1087 1739 sagts
1104 1712 1164 1732 was
1183 1706 1231 1733 ihr
1249 1707 1337 1742 wollt,
1359 1717 1430 1737 sacre

139 1740 187 1766 ieh
213 1739 299 1767 euch:
323 1738 369 1765 ich
394 1738 442 1765 bin
463 1737 525 1771 der,
551 1737 606 1765 <len
626 1737 672 1765 ihr
693 1738 788 1773 sucht,
813 1739 881 1767 lies:
910 1740 942 1768 Si
967 1741 1052 1769 vultis
1072 1742 1187 1771 dicere?
1208 1758 1244 1764 —
1267 1744 1315 1780 15,
1338 1746 1352 1774 1
1373 1734 1429 1776 Ises

139 1777 304 1805 tacebimus.
326 1791 361 1795 —
383 1774 433 1809 15,
454 1772 471 1801 2
492 1783 601 1811 proque
619 1775 677 1811 vgl.
699 1774 723 1808 7,
745 1774 771 1803 2.
792 1791 828 1795 —
852 1775 899 1812 16,
924 1777 937 1806 1
958 1779 1077 1815 Rogatc.
1098 1796 1134 1801 -—
1156 1781 1236 1809 Nach
1257 1784 1313 1812 Str.
1338 1785 1372 1814 16
1391 1787 1431 1814 ist

140 1816 204 1842 eine
229 1814 283 1842 Str.
305 1815 358 1841 mit.
377 1813 440 1841 dem
459 1813 645 1841 Buchstaben
665 1811 683 1842 S
704 1814 897 1852 ausgcfallem
925 1817 1052 1846 (liesclbc
1071 1819 1176 1847 musste
1198 1822 1343 1858 erziihlen,
1365 1824 1428 1853 dass

140 1853 216 1880 Zeno
238 1852 292 1880 den
311 1852 405 1879 Boten
429 1852 627 1885 rorausgeeilt.
649 1866 683 1870 —
706 1850 754 1885 18,
776 1850 793 1880 2
813 1854 894 1881 Fecit
913 1864 949 1882 zu
969 1858 1125 1894 ‹zi-ganzem
1154 1857 1242 1887 Sinn:
1265 1870 1295 1889 er
1314 1862 1430 1891 maehte

140 1890 190 1918 das
210 1889 437 1924 Kreuzzeichem
458 1888 529 1917 lies:
550 1889 750 1926 signaculum?
776 1891 833 1927 vgl.
853 1890 878 1926 5,
903 1891 926 1919 1.
958 1909 982 1912 —
1005 1893 1047 1929 19,
1070 1893 1083 1922 1
1105 1904 1147 1932 sq.
1168 1897 1233 1925 sind
1252 1900 1284 1927 in
1304 1899 1355 1928 der
1375 1901 1420 1929 Hs

140 1927 212 1956 total
231 1927 407 1956 vei-derben:
1424 1923 1429 1929 “

419 1971 447 2002 X
466 1974 670 2002 festinantibus
690 1975 784 2003 adhue
802 1977 833 2003 in
852 1978 995 2007 Veronam
1017 1982 1138 2009 veniens

418 2013 521 2040 Inveni
543 2013 679 2040 veniebat
697 2014 786 2049 impio
807 2017 931 2044 stantem
950 2019 982 2045 in
1001 2019 1115 2055 plateis.

138 2061 196 2088 Die
220 2059 275 2087 Str.
296 2059 480 2093 umschmibt,
508 2068 567 2087 was
588 2060 633 2088 die
657 2061 727 2088 Vita
754 2062 808 2089 mit
830 2063 885 2091 den
905 2064 1027 2094 WVorten
1053 2067 1176 2096 erziihlt:
1222 2070 1261 2098 At
1279 2071 1331 2100 ille
1353 2071 1429 2109 [dae-

140 2095 219 2133 mon]
245 2098 362 2133 publica
390 2107 456 2126 foce
475 2099 571 2134 eoepit
589 2098 728 2126 clamare:
753 2100 820 2127 Etsi
838 2100 908 2129 hine
927 2112 945 2131 a
965 2106 994 2132 te
1013 2105 1093 2134 fuero
1115 2091 1251 2143 expulfs'us
1287 2118 1320 2138 eo
1341 2112 1431 2140 Vero-

139 2144 214 2170 nam,
235 2137 333 2171 ibique
354 2137 485 2164 invenies
505 2134 578 2163 me.“
609 2136 681 2164 lVas
700 2137 740 2164 im
756 2139 848 2166 Texte
870 2141 952 2176 steht,
973 2143 1014 2170 ist
1033 2144 1098 2172 eine
1119 2153 1171 2173 aus
1191 2129 1332 2176 man’cheu
1352 2152 1430 2187 mtig-

139 2174 236 2201 liehen
253 2174 461 2209 Konjekturen.
488 2189 523 2193 —
549 2172 599 2207 20,
621 2172 636 2201 1
658 2176 690 2202 in
710 2179 806 2203 austro
831 2179 940 2212 posit0;
968 2179 1134 2211 Cristallum
1154 2184 1184 2211 in
1204 2193 1275 2214 auro
1295 2190 1420 2223 positum

139 2211 290 2239 Edelstein
322 2211 374 2239 auf
395 2212 459 2240 dem
485 2211 666 2246 Goldreifen,
696 2214 736 2240 ist
760 2214 836 2242 wohl
862 2215 905 2243 als
931 2217 1165 2257 Umschreibung
1188 2224 1234 2251 fiir
1260 2233 1368 2254 corona
1395 2210 1432 2256 zii

139 2250 250 2282 fasseu3
278 2257 309 2277 so
336 2257 433 2277 waren
455 2251 487 2277 in
511 2250 560 2278 der
584 2251 663 2278 That
687 2251 734 2278 die
762 2253 881 2281 Kronou
903 2254 985 2289 jener
1009 2258 1073 2286 Zeit
1096 2260 1262 2290 beschaffen
1303 2271 1355 2293 aus
1383 2266 1434 2294 der

140 2287 234 2315 dieser
254 2288 387 2323 Hymnus
408 2290 550 2316 stammen
570 2287 672 2316 diii-ste.
694 2303 729 2308 -—
750 2287 794 2324 20,
816 2288 833 2317 2
853 2292 998 2321 doneetur.
1020 2311 1058 2316 ——
1077 2294 1121 2332 21,
1143 2296 1160 2325 2
1180 2284 1275 2329 idolas’
1303 2316 1338 2322 —
1360 2305 1433 2333 Zum

139 2326 362 2353 vffl-sffindnisse
376 2325 468 2354 slieses
482 2328 513 2354 in
526 2327 622 2355 seiner
637 2327 844 2356 barbarischen
856 2330 1048 2370 Brachylogie
1062 2322 1315 2369 chax-aktexvou'en
1326 2342 1433 2371 Liedes

139 2363 197 2400 vgl.
211 2371 277 2390 man
293 2363 338 2391 die
352 2364 422 2391 Vita
437 2366 510 2392 Acta
523 2364 574 2392 SS.
591 2365 672 2402 April
682 2365 720 2400 II,
736 2364 771 2394 70
786 2375 813 2394 u.
824 2367 852 2401 f.,
874 2368 923 2396 der
937 2370 986 2398 der
999 2372 1132 2407 Hymnus
1147 2376 1338 2408 schrittweise
1352 2381 1434 2419 folgt.

727 2430 846 2461 ῡ-ᾣῷώ
