1653 2622
713 132 974 168 —289—

187 230 220 262 3.
247 228 345 268 Cujus
369 230 473 261 mater
497 228 649 269 obsequio
876 231 909 264 5.
936 230 996 269 Qui
1022 239 1092 263 eum
1117 230 1159 262 ad
1184 233 1327 263 sanctum
1354 229 1479 261 ducitur

248 277 340 310 Adeo
366 275 453 309 fessa
476 276 597 317 taedio,
935 278 1053 319 Magno
1079 278 1188 318 vigore
1210 278 1372 320 juvenum,

250 324 340 364 Quod
365 324 511 358 haustum
539 333 609 357 cum
627 326 816 367 porrigeret,
936 325 1051 358 Statim
1077 326 1176 358 exivit
1199 327 1355 366 pessimus

248 372 404 407 Zabulum
429 372 513 413 bibe,
543 373 674 408 diceret.
936 374 1075 408 Foetore
1097 376 1147 407 sat
1171 374 1344 407 teterrimo,

187 432 221 464 4.
248 430 302 464 Ad
328 431 417 471 cujus
440 440 514 464 mox
538 431 707 471 imperium
879 433 911 465 6.
937 432 994 472 Te,
1021 440 1141 464 summe
1164 431 1251 463 Deus
1277 431 1467 473 praesulum,

250 478 324 512 Non
348 479 457 511 tardat
483 480 615 511 daemon
641 480 808 523 pessimus,
936 480 1119 521 Precamur‚
1144 487 1218 518 spes
1239 478 1393 520 fidelium,

252 525 317 560 Sed
340 526 443 559 intrat
467 527 579 559 matris
603 526 714 571 filium,
939 527 984 560 Ut
1006 528 1070 560 tuis
1094 527 1214 559 sanctis
1238 527 1387 567 precibus

249 573 332 608 Eum
357 576 453 607 vexat
477 574 627 609 atrocius.
938 574 1005 607 Nos
1027 576 1142 615 jungas
1168 575 1248 607 coeli
1274 575 1406 607 civibus.

267 651 374 686 Hymn.
400 659 454 678 ms.
480 652 667 679 Florentinus
693 659 768 678 saec.
799 648 842 679 13.
883 650 954 678 Cod.
980 651 1169 679 Laurentian.
1193 650 1288 677 Aedil.
1317 646 1379 678 131.
1406 649 1441 677 A.
1470 664 1505 668 —

188 690 275 717 Brev.
301 697 354 715 ms.
373 689 576 717 Florentinum
602 697 677 717 saec.
701 687 745 716 14.
787 688 857 718 Cod.
877 687 1067 716 Laurentian.
1087 688 1182 715 Aedil.
1212 687 1275 715 117.
1296 689 1329 716 Β.
1355 701 1392 706 —
1419 688 1505 715 BreV.

189 737 242 755 ms.
264 727 546 755 vallumbrosanum
567 735 642 755 saec.
665 726 709 755 15.
745 727 814 756 God.
835 727 1026 755 Laurentian.
1047 727 1137 755 Conv.
1160 734 1222 763 sup.
1243 725 1308 754 457.
1331 725 1361 754 O.
1384 740 1418 744 —
1438 725 1466 760 4,
1486 724 1506 754 4

191 765 334 795 attentius
351 765 411 793 AB.
431 780 466 785 -—
489 765 516 801 6,
535 763 556 793 4
574 765 679 802 jungat
698 766 731 793 B.

638 886 700 918 491.
729 887 773 918 De
794 887 902 918 sancto
923 887 1064 919 Zenebio.

723 954 771 985 Ad
790 953 981 985 Nocturnum.

191 1024 222 1058 1.
249 1023 337 1058 Almi
361 1024 463 1064 patris
488 1023 621 1056 Zenobii
894 1026 925 1058 6.
951 1025 1095 1057 Tandem
1120 1024 1182 1056 Dei
1206 1025 1378 1064 spiramine

252 1070 382 1104 Laudes
408 1080 568 1111 cauamuS,
595 1072 684 1112 socii,
953 1072 1051 1105 Urbis
1081 1072 1265 1103 conscendit
1291 1073 1423 1113 apicem,

251 1119 311 1158 Qui
338 1120 424 1151 claro
450 1122 537 1151 ortus
563 1128 680 1159 genere
952 1120 1017 1152 Ubi
1041 1121 1083 1153 ad
1106 1119 1209 1151 instar
1232 1120 1347 1152 sideris

252 1166 334 1198 Urbi
360 1166 541 1208 praefulget
566 1167 684 1207 regiae.
951 1167 1046 1200 Miris
1071 1167 1257 1207 resplendet
1282 1166 1435 1208 mysticis

194 1226 225 1258 2.
254 1223 350 1263 Cujus
375 1224 444 1256 vita
467 1223 602 1256 mirifica
895 1226 925 1257 7.
954 1225 1031 1257 Cum
1056 1233 1152 1265 saepe
1176 1225 1209 1256 in
1235 1225 1371 1257 ecclesia

252 1272 371 1306 Fertur
400 1281 420 1304 a
444 1271 593 1312 pueritia,
951 1272 1165 1305 Ambrosiana
1191 1273 1311 1317 vigilat,

252 1319 352 1358 Quem
377 1320 476 1360 signis
501 1329 540 1352 ac
564 1319 736 1351 virtutibus
953 1320 1167 1360 Ambrosium,
1195 1330 1286 1360 quem
1312 1320 1424 1363 diligit,

255 1366 354 1400 Sacer
380 1368 496 1400 ditavit
520 1367 660 1400 inclitus,
952 1368 1065 1400 Secum
1090 1376 1183 1399 orare
1208 1369 1372 1408 conspicit.

194 1426 226 1460 3.
256 1423 332 1456 Cum
365 1427 449 1456 esset
473 1425 526 1456 hic
547 1422 734 1469 infantulus,
894 1428 926 1460 8.
952 1426 1068 1458 Mortis
1095 1425 1235 1457 claustra
1259 1429 1333 1466 post
1358 1428 1492 1465 reserat,

254 1472 482 1512 Philosophiae
512 1472 661 1514 traditur,
955 1473 1036 1505 Nam
1061 1481 1193 1514 puerum
1215 1474 1395 1511 resuscitat,

253 1520 350 1560 Legis
376 1529 497 1564 norma,
529 1528 623 1560 quam
649 1519 773 1562 didicit,
955 1521 1053 1560 Quem
1079 1521 1174 1553 matri
1197 1521 1299 1554 tradit
1322 1521 1462 1559 unicum,

252 1568 347 1599 Vitae
371 1568 477 1600 nitore
503 1568 627 1601 claruit.
952 1570 982 1601 A
1007 1578 1068 1609 qua
1089 1572 1269 1609 sumpserat
1293 1573 1412 1601 mutuo.

192 1628 223 1659 4.
250 1624 307 1658 Fit
332 1626 489 1658 castitatis
516 1625 641 1665 cingulo
895 1628 926 1661 9.
954 1627 1025 1659 Non
1050 1626 1149 1658 multo
1174 1630 1250 1666 post
1275 1627 1432 1659 curriculo

250 1673 296 1706 Et
321 1673 458 1705 caritate
481 1673 681 1714 splendidus,
952 1675 1061 1707 Alium
1094 1674 1192 1706 donat
1218 1675 1340 1708 civibus

252 1720 350 1759 Quem
375 1722 477 1753 virtus
503 1721 717 1754 abstinentiae
952 1723 990 1755 ln
1015 1725 1129 1763 portae
1155 1723 1243 1755 urbis
1268 1724 1386 1763 medio,

252 1770 350 1802 Sacro
377 1769 493 1801 ditavit
513 1769 685 1804 schemate.
951 1772 1039 1811 Quae
1062 1770 1195 1811 respicit
1219 1770 1404 1812 septentrio.

195 1828 227 1859 5.
253 1824 414 1859 Defuncto
439 1826 528 1858 urbis
551 1827 699 1865 praesule
885 1828 940 1862 10.
955 1828 1018 1860 Hic
1043 1828 1172 1860 Elisaeo
1202 1829 1326 1869 similis,

255 1873 371 1907 Omnes
396 1874 428 1905 in
454 1882 552 1906 unum
576 1873 700 1913 pariter
955 1876 1014 1916 Qui
1042 1876 1202 1916 duplicem
1226 1876 1404 1916 promeruit

252 1921 426 1955 zenobium
454 1922 638 1962 episcopum
955 1923 1105 1965 Magistri
1130 1924 1176 1964 pii
1202 1924 1360 1967 spiritum,

252 1969 370 2003 Matris
398 1970 598 2002 conclamant
622 1970 752 2009 gremio.
958 1971 1034 2004 Cum
1060 1981 1156 2004 curru
1180 1974 1290 2004 vectus
1315 1972 1417 2013 igneo,

569 2027 625 2060 11.
653 2026 764 2059 Gloria
789 2028 831 2060 sit
857 2028 1011 2060 altissimo

642 2075 732 2108 Patri
759 2078 791 2107 et
813 2076 976 2116 unigenito

643 2123 717 2156 Una
742 2132 813 2155 cum
837 2127 947 2156 sancto
973 2125 1101 2165 spiritu,

643 2171 713 2203 Deo
740 2175 772 2203 et
793 2172 972 2206 individue.

267 2249 377 2285 Hymn.
406 2258 459 2276 ms.
486 2248 676 2277 Flet-cutinus
704 2256 780 2276 saec.
804 2245 847 2276 13.
889 2248 960 2276 Ood.
980 2249 1171 2277 Laurentian.
1203 2249 1298 2278 Aedil.
1329 2247 1392 2278 131.
1420 2250 1453 2277 Λ.

191 2290 277 2317 Brev.
300 2297 353 2316 ms.
367 2288 570 2316 Florentinum
585 2294 661 2314 naec.
681 2284 725 2314 14.
762 2287 783 2313 (Τ
793 2286 830 2315 )ᾱ.
846 2287 1036 2315 Laurentian.
1051 2287 1146 2315 Aedil.
1166 2285 1227 2319 117,
1249 2289 1304 2322 bis,
1319 2289 1342 2317 Β
1358 2288 1419 2316 und
1434 2291 1464 2316 G.
1482 2307 1503 2310 --

192 2329 279 2356 Brev.
302 2335 355 2354 ms.
371 2326 650 2354 Vallumbrosanum
671 2334 747 2353 saec.
770 2324 814 2354 15.
850 2324 918 2353 Cod.
932 2326 1122 2354 Laurenti-an.
1139 2325 1228 2354 ConV.
1250 2336 1315 2364 sup.
1336 2325 1400 2356 457.
1422 2328 1457 2356 1).
1480 2342 1517 2347 -

192 2365 224 2399 1,
242 2364 258 2394 1
278 2366 357 2401 patri
376 2365 411 2393 B.
446 2380 482 2384 —
507 2363 538 2398 2,
565 2362 585 2391 4
604 2364 674 2392 Lies
698 2363 805 2393 ditavit
826 2365 967 2399 spiritus?
991 2379 1022 2383 —
1044 2363 1077 2399 4,
1105 2362 1124 2391 4
1146 2368 1297 2394 stemmate
1315 2367 1353 2400 B,
1378 2368 1518 2401 stigmate

193 2404 225 2432 G.
247 2418 278 2424 —-
302 2401 330 2437 8,
353 2402 368 2431 1
390 2404 480 2433 Horti
500 2404 661 2432 claustrum
683 2404 725 2438 Dss.
745 2411 879 2432 reserans
899 2403 958 2438 Ao,
978 2412 1093 2431 reseras
1107 2405 1140 2430 G.
1224 2403 1267 2439 10,
1287 2404 1300 2433 1
1316 2406 1380 2434 Hoc
1395 2405 1516 2434 Elian-³

193 2443 254 2479 Ao,
274 2442 359 2470 Haec
377 2442 411 2471 B.
428 2457 461 2462 ——
481 2440 524 2477 10,
538 2439 558 2469 4
570 2444 655 2470 vetus
672 2443 760 2479 igneo
775 2441 833 2477 BC,
846 2442 982 2470 Provecti
997 2443 1184 2478 (ιω-11119100
1198 2443 1234 2478 D,
1255 2444 1333 2473 wohl
1346 2443 1518 2473 Korrektur.

253 2494 275 2519 D
283 2499 380 2522 τοῖσι,
403 2493 491 2523 Hymni
505 2492 603 2517 Inediti.
1312 2491 1346 2522 19
