1651 2621
730 142 986 178 —140—

586 244 652 276 235.
683 244 727 276 Dc
747 253 770 276 s.
790 244 932 277 ,Iohanne
951 244 1111 286 Episcopo.

760 323 807 353 Ad
826 323 952 354 Laudes.

210 392 242 425 1.
268 393 347 431 Ave,
373 391 497 432 fulgens
521 392 624 431 stella,

270 439 400 472 Gemma
425 439 588 479 claritatis,

269 487 419 520 Caritatis
443 486 533 524 cella,

268 534 354 566 Rosa
377 533 561 565 venustatis.

212 592 244 623 2.
271 590 365 622 Solve
388 589 495 622 vincla
518 589 582 621 reis

269 638 455 670 Interventu
476 645 615 676 precum,

270 684 316 717 Ut
339 683 449 716 solutis
476 684 520 715 eis

273 732 453 765 Gloriemur
475 733 587 765 tecum.

215 789 246 821 3.
273 787 385 819 Profer
408 787 514 818 lumen
538 787 639 818 caecis

272 835 330 875 Tu,
357 834 410 874 qui
432 834 574 866 meruisti

272 882 309 914 In
334 881 504 920 splendore
527 881 607 912 lucis

272 928 393 959 Haeres
418 936 487 959 esse
512 927 638 959 Christi.

885 394 916 426 4.
944 393 1047 425 Vitam
1073 396 1203 433 praesta
1226 401 1348 433 puram,

943 440 967 473 O
993 450 1049 472 vas
1074 441 1235 481 puritatis,

944 487 1087 519 Mentem
1109 486 1202 519 flecte
1229 488 1339 519 duram

944 535 1095 567 Precibus
1119 535 1231 569 beatis.

888 612 918 622 -.
944 590 1091 623 Monstra
1114 594 1147 623 te
1172 600 1240 623 esse
1263 593 1397 631 patrem,

946 638 991 671 Ut
1014 647 1072 677 per
1096 640 1128 669 te
1153 639 1304 670 ducamur

947 685 999 716 Ad
1021 694 1190 724 supernam
1214 688 1347 717 matrem

946 732 1075 772 Ipsique
1095 733 1273 772 Jungamur.

913 814 920 820 .
947 788 995 821 Sit
1019 789 1088 820 laus
1112 789 1180 821 Deo
1206 789 1266 821 soli

946 835 1104 875 Tempore
1127 836 1269 875 perenni,

946 882 1005 921 Qui
1030 883 1165 914 coeleste
1189 892 1319 923 regnum

947 930 1088 962 Contulit
1111 929 1258 962 Johanni.

286 994 370 1021 Brev.
391 1001 443 1021 ms.
466 993 605 1020 Clusense
624 1002 701 1020 saec.
726 992 769 1021 14.
810 994 877 1021 Ood.
897 995 1054 1022 Tam-ineu.
1075 995 1102 1022 D
1122 995 1166 1023 VI
1186 994 1229 1022 11.

566 1130 632 1161 236.
661 1131 705 1162 De
725 1139 748 1161 s.
768 1131 908 1162 ‹lohanne
928 1132 1146 1172 Evangelista.

745 1208 793 1237 Ad
811 1208 890 1246 Vesp
894 1217 966 1239 eras.

497 1276 527 1307 1.
554 1276 647 1308 Orbis
674 1277 818 1318 exsultet,
843 1279 952 1317 populi
976 1279 1143 1318 laetentur,

551 1322 673 1355 Civium
698 1324 778 1355 coeli
801 1325 884 1355 sacri
910 1328 1015 1356 coetus
1039 1329 1142 1364 ovent,

552 1369 630 1408 Tua,
657 1369 825 1409 Johaunes,
854 1372 965 1403 ceteris
989 1374 1101 1412 amate,

599 1416 697 1449 Festa
722 1418 870 1451 colentes.

493 1473 524 1505 2.
551 1472 661 1512 Tuque
684 1476 819 1514 tuorum,
844 1474 997 1514 trabeate,
1016 1478 1134 1507 mutam

553 1519 671 1552 Resera
695 1521 834 1561 linguam
857 1523 950 1553 modo
976 1521 1175 1562 famulorum,

553 1566 598 1598 Ut
621 1567 668 1599 tui
691 1568 787 1600 miras
811 1569 939 1608 placide
963 1578 1111 1609 queamus

600 1614 742 1654 Pangere
765 1616 886 1649 laudeS.

497 1670 528 1703 3.
554 1669 602 1700 Te
626 1670 752 1709 quidem
776 1671 868 1703 Jesus
893 1673 1009 1704 saeculi
1033 1673 1225 1717 redemptor,

556 1716 705 1748 Nescium
730 1718 834 1750 sordis
858 1719 943 1751 nivei
967 1720 1108 1759 pudoris,

557 1763 685 1803 Nuptiis
709 1765 820 1797 mundi
845 1766 971 1798 dotibus
998 1767 1112 1799 amoris

606 1810 675 1843 Sibi
700 1812 801 1852 elegit.

501 1869 533 1899 4.
557 1869 608 1899 Ac
631 1877 723 1900 sacra
746 1869 829 1901 sacri
853 1871 991 1909 pectoris
1015 1871 1048 1901 in
1073 1871 1121 1902 sui

557 1914 660 1947 Fonte
682 1914 801 1948 fluenta
822 1918 933 1949 unicus
958 1919 1085 1961 potasti,

555 1962 641 1994 Hinc
665 1966 696 1994 et
718 1964 840 1995 aeterni
866 1965 1016 1997 reserasti
1041 1965 1172 1998 verbum

606 2010 709 2042 Patris
733 2011 768 2042 in
792 2020 879 2045 aevo,

502 2068 532 2099 5.
561 2067 585 2099 O
610 2067 691 2100 mire
715 2068 824 2100 volans
849 2069 965 2111 aquila,
991 2069 1141 2101 sublimes

558 2114 664 2146 Oculis
688 2115 783 2155 plena
807 2116 985 2155 penetrasti
1010 2118 1112 2149 coelos

557 2161 602 2193 Et
625 2163 693 2194 sola
717 2163 814 2194 solem
838 2163 955 2198 intueri
978 2163 1042 2196 fixe

607 2209 812 2244 Convaluisti.

506 2267 536 2299 6.
563 2267 726 2308 Virginem
751 2276 824 2299 caro
849 2268 898 2299 sui
922 2269 1107 2309 genitricem

558 2314 632 2345 Tibi
656 2315 785 2355 reliquit
808 2315 961 2348 Dominus
985 2317 1019 2348 in
1043 2326 1135 2349 cruce

558 2362 607 2393 Ac
629 2371 688 2402 pro
714 2372 748 2395 se
772 2363 825 2403 pie
848 2362 948 2395 fflium
973 2367 1005 2396 te
1030 2364 1092 2396 sibi

605 2410 712 2450 Atque
736 2411 885 2446 solamen.
