1651 2621
741 148 997 183 —114—

664 270 724 301 186.
753 268 797 299 De
820 269 928 299 sancto
951 266 1089 306 Geor-gio.

767 345 817 375 Ad
837 344 965 374 Laudes.

215 418 245 451 1.
273 418 330 450 Cui
355 416 460 450 fidelis
484 418 620 458 populus
896 416 927 447 4.
954 413 1051 453 Audi,
1076 414 1112 443 tu
1137 413 1260 450 martyr
1283 409 1404 451 inclite,

272 465 378 496 Festis
402 465 529 505 plaudit
551 462 766 505 paschalibu5‚
956 461 1060 499 Super
1084 461 1173 491 astra
1193 457 1378 499 clarissime,

273 511 408 552 Christe,
440 513 623 551 redemptor
646 510 790 549 Domine,
954 507 1042 540 Audi
1066 514 1180 546 preces
1205 505 1396 544 rogantium,

273 559 369 591 Sume
392 559 503 591 laudes
530 558 691 590 ecclesiae.
957 555 1048 594 Quod
1073 554 1157 586 velle
1181 552 1266 584 nosti
1289 551 1470 584 Dominum.

238 641 245 647 .
272 615 310 646 In
338 617 392 646 tuo
417 619 451 646 te
476 615 612 655 Georgio
898 614 925 646 5¹
956 612 1089 651 Semper
1108 611 1166 642 ille
1189 609 1259 641 vult
1283 617 1429 649 parcere,

274 661 441 694 Certatore
465 662 637 694 fortissimo
957 659 1089 691 Salvare
1114 658 1192 697 vult,
1218 665 1283 688 non
1307 657 1456 699 perdere,

277 708 371 748 Colit,
397 710 541 750 miratur,
570 709 711 740 celebrat
955 708 1056 740 Posce
1082 706 1229 747 clemens,
1259 706 1296 735 ut
1319 703 1427 747 faciat,

273 755 410 795 Tibique
433 757 517 788 laeta
538 756 665 795 Jubilat.
953 754 1045 794 Quod
1069 752 1177 785 facere
1203 752 1377 786 desiderat.

239 839 246 845 .
273 812 322 843 Tu
346 813 427 843 tanti
450 821 547 852 prece
569 812 680 843 militis
898 813 927 845 6.
957 811 1113 843 Cohaeres
1142 809 1249 849 magni
1272 809 1429 849 principis

271 859 363 898 Auge
386 858 549 897 profectus
573 859 708 899 gaudiis,
954 858 1144 891 Praeclarus
1169 855 1273 888 factus
1297 856 1431 897 meritis,

273 906 373 944 Culpa
398 906 449 937 vel
479 906 591 946 culpae
614 906 728 937 merita
954 905 1022 937 Nos
1046 905 1185 945 impetra
1209 912 1268 943 per
1293 904 1430 944 gratiam

271 952 321 984 Ne
341 953 471 992 pariant
496 953 664 984 contraria.
953 953 1075 985 Mereri
1099 953 1213 984 saltem
1235 951 1373 986 veniam.

553 1011 584 1042 7.
611 1010 816 1049 Quaesumus,
848 1013 959 1042 auctor
985 1010 1134 1042 omnium.

290 1074 395 1101 Diui-n.
419 1083 471 1101 ms.
494 1074 584 1111 Cong.
606 1073 635 1101 S.
656 1074 794 1102 Just'mae
813 1082 890 1102 saec.
913 1073 958 1102 15.
1002 1075 1072 1102 Cod.
1091 1074 1236 1102 Mutinen.
1256 1074 1324 1103 XII.
1345 1076 1373 1103 D
1396 1073 1440 1102 17.

657 1214 717 1246 187.
750 1215 792 1246 De
811 1216 918 1247 saneto
941 1215 1082 1255 Georgio.

236 1319 242 1325 .
269 1293 399 1334 Insigne
424 1293 540 1326 festum
564 1294 676 1325 militis
896 1297 928 1328 2.
956 1295 1052 1327 Illum
1076 1293 1158 1326 fides
1183 1293 1359 1327 fortissima

270 1341 315 1373 Et
338 1342 490 1382 martyris
517 1341 647 1381 Georgii
954 1342 999 1374 Et
1022 1350 1095 1381 spes
1122 1344 1155 1373 et
1178 1342 1276 1374 ardor
1296 1342 1426 1383 impulit

272 1389 364 1421 Colat
385 1398 537 1428 praesens
563 1389 697 1420 ecclesia
955 1390 1043 1422 Inire
1069 1391 1231 1422 certamen
1255 1399 1353 1429 grave

272 1436 422 1468 Gaudens
446 1437 607 1476 triumpho
632 1435 702 1468 filii.
954 1438 1018 1469 Pro
1042 1437 1197 1468 trinitatis
1221 1437 1358 1472 nomine.

587 1495 618 1527 3.
644 1493 718 1524 Non
744 1492 890 1525 Caesaris
920 1494 1063 1533 potentia

643 1540 781 1571 Terrere
806 1540 907 1579 quivit
930 1544 1114 1581 martyrem.

288 1605 379 1632 Psalt.
400 1614 453 1632 ms.
474 1605 503 1632 S.
526 1605 647 1640 Georgii
665 1604 790 1639 Majoris
809 1605 914 1633 Veneti
936 1606 972 1632 D.
993 1614 1069 1633 saec.
1088 1604 1131 1633 15.
1152 1620 1189 1624 —
1209 1606 1271 1633 Das
1291 1606 1424 1636 Weitere
1442 1609 1525 1636 fehlt.

587 1734 648 1765 188.
678 1732 714 1764 In
734 1734 954 1767 [translatione
974 1745 997 1767 s.
1019 1736 1144 1767 Gratae.

751 1810 800 1840 Ad
819 1810 978 1849 Vesperas.

437 1882 469 1913 1.
497 1880 616 1913 Civitas
639 1880 706 1912 alta
730 1889 829 1920 supra
852 1884 990 1914 montem
1015 1884 1131 1923 posita,

497 1928 610 1960 Gaude
632 1930 699 1959 tam
722 1930 833 1960 sancta
857 1929 917 1961 tibi
943 1930 1018 1963 data
1040 1934 1197 1972 matrona,

496 1976 583 2015 Quae
606 1979 638 2007 et
661 1976 788 2007 nomine
813 1979 862 2008 est
886 1980 919 2008 et
943 1987 1041 2018 opere
1065 1982 1167 2020 grata,

495 2023 557 2054 Dei
580 2022 646 2054 filio
671 2032 747 2055 vere
772 2027 820 2054 est
844 2025 973 2059 sociata.

438 2082 469 2113 2.
496 2080 520 2113 O
546 2078 656 2119 Grata,
681 2079 743 2111 Dei
766 2080 893 2122 ancilla,
920 2091 1037 2122 sponsa
1062 2084 1193 2123 Christi,

496 2127 583 2166 Quae
607 2127 761 2167 templum
787 2129 890 2160 saneti
913 2130 1044 2169 spiritus
1071 2132 1234 2173 exstitisti,

494 2175 653 2207 Amabilis
680 2183 712 2206 es
736 2175 806 2207 Deo
831 2174 918 2208 faeta
943 2180 974 2208 et
998 2181 1100 2218 grata,

497 2222 599 2254 Nobis
623 2222 749 2253 misem's
775 2231 926 2255 succurre
950 2234 1044 2265 nunc,
1070 2226 1176 2259 beata.

439 2281 470 2312 3.
496 2280 642 2321 Protege‚
671 2278 779 2322 Grata,
806 2278 952 2320 benedic,
978 2280 1123 2313 salvifica

495 2326 653 2366 Populum
678 2328 824 2358 cunctum
848 2336 907 2367 per
929 2331 1017 2360 tuum
1043 2330 1267 2376 interventum,

497 2374 630 2405 Morbos
655 2376 765 2406 averte
788 2376 931 2415 corporis
956 2379 989 2407 et
1012 2377 1146 2418 animae,

497 2421 561 2452 Per
585 2421 694 2453 Jesum
719 2421 811 2462 salvi,
836 2430 895 2461 per
919 2426 952 2455 te
977 2424 1073 2459 simus
1098 2425 1203 2458 liberi.
