1651 2621
695 94 949 129 -216—

625 218 689 250 365.
718 215 762 248 De
786 218 896 248 sancta
914 216 1023 247 Paula.

671 296 719 326 Ad
740 295 828 333 Vesp.
849 298 879 325 et,
897 293 983 324 Noct.

178 376 208 409 1.
233 377 332 409 Paula
356 376 435 407 coeli
458 376 622 416 imperium

237 424 355 455 Attulit
376 424 531 456 scandens
554 423 708 463 bravium,

237 471 401 510 Multaque
424 480 519 510 passa
541 471 738 502 incommoda

236 518 329 549 Nunc
353 522 463 558 regnat
487 519 519 550 in
546 518 701 550 coelestia.

179 575 208 606 2.
236 574 372 606 Radices
402 575 537 614 quinque
560 575 711 613 prodidit,

236 621 285 652 De
310 621 421 661 quibus
446 622 533 663 virgo
556 621 762 653 Eustochium

239 669 392 702 cohortes
417 669 501 700 rexit
524 668 677 708 virginum

237 715 386 755 Magnum
411 719 535 747 struens
561 716 753 747 coenobium.

181 772 214 804 3.
240 772 348 811 Paula,
374 774 518 803 matrona
541 771 665 812 nobilis,

239 818 360 850 Romae
383 818 486 849 nitens
513 818 639 861 divitiis,

236 864 421 905 Exemplum
454 868 618 905 praestans
643 865 795 907 omnibus,

240 912 351 943 Omnia
376 913 430 943 dat
450 912 651 952 pauperibus.

182 969 214 1000 4.
241 967 379 1000 Carbasa
402 970 533 1002 tendens
558 977 692 1008 aequore

240 1014 322 1046 Dum
347 1018 440 1055 parat
465 1017 485 1048 J
488 1024 571 1047 esum
597 1024 755 1055 quaerere,

242 1061 371 1101 Sprevit
393 1062 562 1094 clamantes
586 1062 680 1094 litore

240 1108 340 1140 Filios
365 1110 454 1148 gravi
477 1110 616 1142 vulnere.

852 376 883 407 5.
908 373 1007 406 Artus
1033 372 1162 405 vestivit
1185 372 1310 404 nobiles

909 420 964 453 Sic
986 420 1084 452 vestis
1107 428 1172 451 una
1193 419 1353 459 ignobilis,

910 467 956 500 Ut
980 476 1048 499 eam
1074 467 1206 507 quisque
1231 466 1378 500 crederet

909 515 960 548 Ex
984 515 1171 547 ancillarum
1195 522 1336 548 numerO.

875 601 882 608 ,
909 572 986 605 Jesu
1010 581 1145 612 sequens
1169 572 1305 612 vestigia

909 620 1070 659 Pauperes
1095 616 1215 650 Christi
1241 619 1360 651 coelica

910 666 1004 700 Pavit
1028 676 1066 698 ex
1091 666 1151 698 sibi
1178 666 1304 708 deditis,

909 714 1016 753 Egens
1039 714 1110 754 ipsa
1136 713 1276 746 cibariis.

853 773 883 805 7.
908 770 1031 811 Latine,
1064 770 1185 803 Graece
1208 770 1359 810 loquitur,

909 817 1053 850 Psalmos
1080 818 1235 849 cantando
1258 817 1387 858 jugiter,

910 864 1065 904 Plangens
1090 867 1222 904 peccata
1245 865 1332 903 vilia,

910 911 1052 950 Reparat
1074 912 1132 943 illa
1154 912 1266 951 gratia.

876 993 884 1001 .
910 968 976 1001 Uni
999 969 1145 1008 trinoque
1169 967 1303 1000 Domino

909 1014 1036 1047 Laudes
1061 1016 1218 1047 solvamus
1244 1015 1378 1058 debitas,

911 1062 958 1094 Ut
979 1063 1096 1094 Paulae
1121 1063 1239 1094 sanctis
1263 1063 1411 1103 precibus

911 1108 1030 1141 Nostra
1053 1110 1139 1141 laxet
1162 1108 1314 1143 facinora.

252 1192 338 1219 Brev.
363 1200 416 1218 ms.
435 1192 626 1219 Mantuanum
646 1201 720 1220 saec.
741 1190 785 1219 15.
825 1191 894 1220 Coti.
913 1192 1003 1220 Univ.
1023 1193 1158 1221 Patavin.
1178 1190 1243 1220 734.
1266 1209 1302 1213 —
1322 1191 1349 1227 2,
1371 1192 1387 1221 1
1409 1204 1474 1230 pro-

182 1228 244 1255 diit.
264 1245 301 1248 —
321 1228 347 1264 2,
368 1226 385 1256 3
406 1229 518 1256 direxit.
538 1244 576 1249 -—
594 1228 620 1262 4,
640 1229 660 1257 4
677 1231 769 1258 Fillos
789 1232 881 1266 gravi.

625 1358 689 1389 366.
721 1357 765 1389 De
786 1360 892 1389 sancta
912 1358 1020 1390 Paula.

726 1433 774 1463 Ad
793 1434 919 1465 Laudes.

180 1509 210 1542 1.
239 1510 366 1542 Paulam
390 1519 474 1542 nunc
500 1509 641 1543 deificam

235 1556 376 1597 Uterque
400 1558 492 1596 polus
519 1558 669 1590 coelicam

236 1603 360 1635 Laudet
385 1607 416 1635 et
437 1604 651 1648 Eustochium,

235 1650 337 1690 Hujus
362 1651 459 1682 vitam
483 1651 667 1684 mirabilem.

177 1708 208 1738 2.
237 1706 362 1739 Gaudet
386 1707 498 1739 chorus
525 1708 703 1740 coelestium

234 1754 356 1785 Harum
379 1757 490 1786 tenens
515 1756 714 1796 consortium,

233 1801 346 1833 Mundi
370 1804 558 1841 spreverunt
581 1806 686 1835 terrea

233 1849 441 1880 Attendentes
466 1850 507 1881 ad
532 1849 669 1881 aethera.

175 1905 205 1937 3.
234 1904 348 1937 Carina
376 1906 499 1937 sulcans
524 1907 625 1938 maria

233 1952 331 1983 Petiit
353 1951 592 1993 Jerosoiymam,

237 1999 285 2030 Ad
311 2008 401 2033 sacra
424 2001 550 2032 scandit
572 2001 683 2040 pervia

234 2047 357 2078 Mariae
382 2047 564 2080 diversoria.

173 2104 204 2135 4.
231 2103 387 2143 Praesepe
411 2104 510 2136 Paula
535 2105 653 2148 circuit,

230 2150 315 2181 Hinc
338 2151 514 2190 vagientem
538 2153 660 2191 reperit

233 2197 410 2238 Christique
433 2202 565 2231 matrem
592 2201 731 2238 parvulis

231 2245 423 2277 Plectentem
447 2246 531 2278 hunc
553 2248 740 2286 panniculis.

854 1514 882 1545 5.
910 1513 1051 1555 Stellam,
1077 1522 1195 1554 magos,
1220 1514 1397 1558 nutritium,

909 1559 1008 1591 Videt
1030 1564 1175 1599 pastores
1196 1561 1343 1600 invicem,

908 1606 1025 1639 Vocem
1050 1608 1140 1639 audit
1160 1609 1334 1648 angelicam

909 1652 977 1686 Deo
1004 1659 1166 1686 canentem
1191 1656 1333 1695 gloriam.

875 1736 882 1743 .
910 1711 1117 1750 Sepulchrum
1140 1711 1258 1743 Christi
1281 1714 1470 1757 ingreditur,

907 1757 1063 1796 Lapidem
1086 1759 1171 1790 hunc
1194 1761 1407 1802 amplectitur,

905 1803 1050 1837 Humano
1075 1807 1144 1838 visu
1170 1808 1310 1840 cernitur

908 1852 1083 1891 Implexum
1109 1861 1221 1893 corpus
1247 1856 1389 1889 sindone.

874 1932 882 1941 .
906 1907 1009 1947 Hujus
1033 1910 1130 1942 vitam
1154 1911 1333 1945 mirabilem

908 1956 1007 1996 Dixit,
1033 1957 1281 1991 inennarabilem

907 2002 986 2041 Ejus
1011 2008 1142 2036 mortem
1168 2015 1238 2037 cum
1262 2006 1389 2039 fletibus

908 2050 1040 2082 Sanctus
1064 2051 1205 2084 scribens
1230 2054 1430 2095 Jeronymus.

874 2132 881 2139 .
907 2106 1038 2138 Trinum
1064 2111 1096 2140 et
1119 2118 1214 2141 unum
1238 2111 1408 2144 Dominum

907 2154 1022 2186 Poscat
1045 2155 1145 2188 Paula
1170 2158 1363 2200 coelestium,

907 2200 974 2233 Nos
999 2202 1048 2234 his
1073 2204 1341 2238 intercedentibus

906 2249 1055 2281 Polorum
1082 2252 1152 2283 dari
1176 2254 1315 2286 sedibus.

246 2329 332 2356 Brev.
356 2339 409 2358 ms.
428 2331 619 2360 Mantuanum
645 2341 720 2361 saec.
741 2331 786 2361 15.
828 2334 898 2362 Cod.
919 2334 1009 2362 Univ.
1028 2336 1131 2365 Patav.
1158 2335 1222 2366 734.
1248 2355 1286 2360 —-
1315 2340 1347 2375 1,
1373 2341 1393 2371 4
1411 2345 1473 2372 vite

173 2366 311 2394 mibilem.
331 2383 368 2388 ——-
388 2366 414 2403 2,
435 2366 452 2396 3
472 2372 595 2399 terrena.
617 2386 653 2390 ——
673 2370 701 2406 4,
722 2370 739 2399 2
758 2373 919 2408 vagientes.
