1651 2621
697 100 952 136 *256—

183 202 236 236 11.
251 202 323 234 Jam
349 201 554 241 deprecemur
576 199 753 238 Dominum,
859 196 912 230 12.
928 195 1039 229 Gloria
1062 203 1175 234 magno
1200 193 1344 234 Domino,

252 248 350 287 Quem
384 248 609 288 sempiternum
636 245 800 288 credimus,

251 295 340 327 Votis
365 297 483 327 annuat
509 295 644 326 omnium

252 342 354 382 Hujus
380 341 494 374 festum
519 341 695 374 colentium.

929 244 997 276 Deo
1020 241 1107 282 patri
1132 244 1164 272 et
1186 240 1253 273 filio

929 290 1028 323 Simul
1053 298 1122 322 cum
1147 292 1258 321 sancto
1282 286 1399 328 spiritu

928 339 965 371 In
990 336 1182 378 sempiterna
1206 336 1343 367 saecula.

253 427 338 454 Brev.
364 434 415 453 ms.
436 427 579 454 Venatum
604 432 678 452 saec.
701 421 744 452 14.
785 420 853 451 eod.
876 422 1016 449 Marcian.
1039 422 1066 449 L
1092 421 1108 448 I
1126 418 1173 448 81.
1193 433 1231 439 ——
1253 417 1286 453 2,
1316 417 1330 446 1
1352 418 1428 446 foret
1447 418 1481 445 in

178 464 313 492 famulus.
334 477 371 483 ——
390 461 421 497 8,
442 462 462 491 4
482 463 589 490 Christi
609 462 752 497 perfectis.
772 476 809 480 —
829 458 861 494 9,
884 458 898 487 1
915 460 1027 487 Natans
1048 458 1150 487 adhuc.
1170 471 1208 476 —
1230 456 1273 491 11,
1298 456 1312 485 1
1333 457 1408 485 Nam
1430 456 1480 484 de-

179 510 336 538 precemur.

614 637 676 668 431.
705 637 748 668 De
768 637 872 669 sancto
893 636 1041 667 Simeonc.

715 713 763 742 Ad
783 713 936 750 Vesperas.

186 794 215 825 1.
240 792 358 830 clerus,
383 793 494 834 psalle,
520 792 620 833 Plebs>
641 791 743 830 jubila
854 792 884 823 5.

239 839 372 871 Dulcem
396 839 583 878 depromens
607 838 779 870 modulum*

238 885 267 917 E
292 886 387 918 corde
410 886 531 925 pellens
556 884 665 916 nubila

240 932 392 964 Simeonis
417 932 459 964 ad
483 932 644 964 tumulum.

185 991 215 1022 2.
243 988 339 1027 Quem
364 987 505 1020 Christus
529 996 585 1019 rex
610 988 651 1018 ad
669 987 798 1020 aethera
855 988 886 1020 6.

241 1034 390 1067 Provexit
409 1035 474 1073 J'am
497 1043 566 1066 cum
590 1035 703 1074 gaudio

243 1081 428 1113 Lactantem
451 1089 546 1120 super
570 1081 676 1112 sidera

240 1129 278 1160 In
299 1130 474 1160 sanctorum
500 1127 648 1167 tripudio.

184 1186 214 1218 3.
241 1184 303 1215 Hic
325 1185 357 1215 in
382 1184 528 1215 Armenis
552 1184 673 1223 genitus
855 1185 884 1218 7.

242 1231 343 1263 Glaris
367 1231 443 1261 satis
467 1231 660 1273 parentibus,

240 1277 379 1309 Uxorem
403 1277 525 1316 sprevit
547 1277 681 1321 penitus,

240 1323 366 1356 Timens
391 1333 410 1355 a
433 1324 543 1355 mundi
564 1324 714 1359 sentibus,

183 1381 214 1414 4.
240 1379 322 1411 Dein
347 1380 518 1412 extendens
542 1380 635 1411 altius
854 1382 884 1413 8.

239 1426 365 1465 Pedem,
391 1426 533 1466 linquens
556 1429 727 1468 terrestria,

240 1472 362 1505 Italiam
386 1482 477 1512 quam
503 1473 594 1505 citius

239 1519 341 1560 Venit,
367 1528 519 1559 quaerens
545 1520 701 1553 coelestia.

910 792 1009 824 Juxta
1033 789 1153 821 Padum
1179 789 1328 821 coenobio

912 836 975 869 Sub
997 836 1163 869 Benedicti
1187 836 1295 876 deguit

911 884 1040 923 Horma,
1068 885 1199 916 decurso
1224 884 1328 916 stadio

913 931 1070 971 Prodigiis
1096 931 1232 964 emicuit.

913 988 955 1020 Os
980 996 1069 1026 quem
1095 987 1192 1026 piscis
1219 987 1464 1025 constrinxerat,

911 1033 1075 1066 Andream
1098 1035 1193 1066 morti
1220 1034 1361 1067 deditum

912 1081 1064 1114 Precibus
1089 1081 1151 1121 piis
1176 1082 1305 1122 liberat,

913 1128 1061 1160 Fratrum
1088 1128 1249 1168 depellens
1275 1129 1435 1169 gemitum.

911 1184 1044 1216 Suorum
1071 1185 1183 1216 ductus
1207 1185 1367 1225 precibuS,

911 1232 1015 1263 Patris
1042 1232 1212 1264 Columbae
1236 1233 1368 1274 pariter,

910 1278 1077 1317 Languens
1102 1278 1263 1319 languoris
1288 1280 1423 1312 nexibus

911 1325 1096 1357 Absolvitur
1120 1326 1277 1358 celeriter.

910 1380 1007 1423 Fove,
1035 1381 1172 1414 defende
1199 1382 1328 1415 fortiter

911 1430 1051 1469 Fratres,
1079 1438 1155 1470 quos
1182 1430 1284 1462 cernis
1309 1431 1459 1463 laudibus

911 1476 987 1507 Tuis
1013 1485 1137 1516 vacare,
1159 1477 1280 1518 ¹jugiter

912 1524 1048 1555 Sei-vans
1071 1523 1111 1556 ab
1136 1524 1236 1556 hostis
1261 1523 1438 1557 fraudibus.

535 1576 566 1610 9.
593 1575 718 1609 Laudes
742 1579 828 1617 patri
852 1586 921 1609 cum
946 1579 1052 1619 genito

593 1623 774 1656 Reddamus
799 1633 876 1658 voce
899 1626 1010 1658 sedula

595 1671 789 1711 Spirituique
814 1672 924 1705 inclito

593 1718 630 1749 In
658 1719 850 1758 sempiterna
874 1720 1010 1753 saecula.

250 1799 353 1826 Dium.
381 1808 433 1826 ms.
452 1799 642 1828 Padolirense
668 1810 743 1830 saec.
766 1801 808 1830 15.
850 1802 918 1830 Cod.
938 1804 1089 1832 Mantuan.
1109 1804 1134 1831 B
1158 1806 1190 1833 Π
1209 1803 1255 1833 22.
1272 1807 1307 1834 A.
1331 1823 1371 1828 —-
1390 1809 1477 1837 Brev.

177 1845 228 1881 ms.
247 1836 435 1865 Padolirense
453 1846 528 1865 saec.
551 1837 595 1866 15.
636 1837 704 1866 Cod.
724 1840 858 1868 Vatican.
880 1840 1017 1870 Ottobon.
1038 1840 1102 1870 671.
1122 1843 1156 1870 Β.
1176 1858 1215 1863 —
1236 1842 1260 1879 1,
1281 1843 1299 1873 3
1319 1846 1405 1882 pulsa
1424 1856 1478 1875 nu-

177 1874 237 1902 bila
255 1875 287 1902 B.
312 1891 347 1894 —
369 1872 394 1909 6,
416 1873 433 1901 2
451 1875 581 1903 Andreas
602 1876 635 1904 B.
656 1892 691 1896 —
712 1877 738 1910 7,
761 1876 775 1904 1
798 1879 927 1906 Duorum
950 1880 1051 1908 ductus
1072 1882 1106 1914 A,
1127 1889 1251 1916 quorum
1271 1883 1374 1912 ductus
1394 1885 1429 1912 B.

600 2014 669 2046 432.
700 2016 743 2047 De
766 2019 870 2049 saneto
889 2017 1036 2050 simeone.

693 2092 742 2122 Ad
762 2093 951 2125 Nocturnum.

175 2166 191 2198 1
198 2191 205 2198 .
234 2166 355 2199 Psallat
380 2166 503 2207 choms,
530 2169 583 2208 qui
608 2177 740 2202 sonorus
851 2174 882 2205 2.

277 2212 412 2245 Exsistit
441 2215 534 2247 claris
559 2216 698 2260 vocibus,

233 2259 385 2292 Simeonis
411 2264 442 2292 et
465 2262 498 2293 in
522 2262 613 2294 bonis

276 2306 482 2340 Exsultet
510 2310 674 2341 coelum
698 2311 793 2343 lau-

566 2357 606 2388 di
616 2356 635 2387 b
644 2366 666 2388 u
673 2367 698 2390 s.

908 2173 1068 2213 Hymnum
1077 2179 1206 2215 pangat,
1217 2176 1340 2209 dulcem
1352 2177 1478 2219 clangat

957 2219 1109 2261 Tubaque
1135 2223 1201 2254 veri
1227 2221 1374 2264 flaminiS‚

909 2266 991 2305 Quia
1013 2272 1141 2300 sanctus
1160 2270 1229 2308 jam
1256 2274 1304 2303 est
1328 2271 1431 2306 factus

956 2313 1092 2347 Conso
1105 2325 1146 2347 rs
1193 2329 1214 2359 p
1228 2321 1367 2353 aterni
1414 2323 1477 2355 lu—

1247 2376 1278 2398 m
1286 2367 1298 2399 i
1307 2369 1347 2400 ni
1355 2378 1380 2403 s,
