1651 2621
663 130 922 166 -125--

401 229 433 261 3.
459 228 616 269 Augendo
639 228 738 261 fidem
764 230 874 261 contra
896 227 1043 261 infideles

459 275 509 306 Tu
534 284 661 317 semper
684 277 771 309 idem
793 276 912 316 satagis
939 276 1062 313 docere,

460 323 554 355 Vitae
578 324 739 366 perennis,
766 325 823 369 ais,
850 331 1037 364 permanere

506 369 716 404 Fruitionem.

401 437 434 469 4.
462 435 607 469 Gloriam
629 438 742 470 mundi
766 438 891 478 spernis
917 436 1158 477 contemnendo,

463 484 599 517 Carnem
624 485 776 518 lascivam
801 485 872 525 pius
894 485 1069 525 jejunando

459 531 506 563 Et,
529 533 648 565 nudam
672 533 801 565 humum
827 532 1022 572 amplectens
1047 531 1192 563 cubando

510 579 643 620 Semper
667 581 702 612 in
727 581 802 613 vita.

402 647 433 678 5.
462 645 568 686 thue
593 646 635 678 ad
660 649 748 678 astra
770 647 907 679 traheris
932 656 952 678 a
975 645 1103 678 summis

465 693 601 726 Coelieis
627 693 704 725 viris
732 693 848 726 diceris
869 693 1020 734 J'ueundis

465 740 611 773 Artubus
637 741 739 774 saeris
763 742 903 774 sociatus
926 740 1017 781 puris

515 788 649 821 Gaudiis
674 788 769 821 vitae.

405 857 437 890 6.
465 855 541 888 Tibi
565 855 609 887 sit,
633 855 720 895 patri
745 855 874 896 filioque
898 863 973 888 vero

467 902 580 935 Gloria
602 903 720 944 laudis,
747 903 875 942 spiritui
901 905 965 945 tuo,

461 951 522 990 Qui
547 959 617 982 cum
643 953 778 990 utroque
803 951 996 989 sempiterno
1013 949 1082 980 Deo

511 997 626 1031 Manet
650 998 802 1038 aequalis

213 1084 299 1112 Brev.
331 1092 384 1111 ms.
410 1083 570 1120 'Pi-ojanum
600 1091 676 1111 saec.
704 1081 747 1110 15.
796 1082 865 1111 0011.
891 1081 1077 1118 Neapolitan.
1103 1080 1146 1109 VI
1170 1080 1197 1107 E
1229 1077 1273 1107 16.
1301 1092 1338 1096 -
1372 1075 1402 1110 1⁷
1437 1073 1451 1102 1

138 1122 314 1150 Sanctorum
333 1121 414 1150 deus.
434 1138 472 1142 —
492 1120 519 1157 4,
540 1119 558 1150 3
577 1121 688 1150 nudam
706 1121 795 1149 humo
816 1120 985 1156 amplectus.

554 1291 622 1323 208.
653 1291 696 1322 De
718 1292 826 1322 saneto
847 1289 1042 1329 Hieronymo.

679 1377 715 1407 In
735 1376 753 1405 2
773 1376 922 1415 Vesperis¹

143 1459 175 1491 1.
201 1457 326 1489 Novum
352 1457 441 1489 sidus
468 1464 562 1489 verae
586 1455 667 1488 lucis
828 1457 859 1488 4.
884 1454 1021 1487 Alveum
1046 1453 1249 1485 eremitarum

244 1504 297 1537 Ex
322 1505 387 1537 alto
415 1504 566 1536 divinitus
933 1501 1112 1541 Ampliavit
1135 1500 1257 1541 pariter

195 1550 337 1584 Refulsit
360 1552 395 1584 in
421 1552 541 1585 cunctis
566 1552 657 1590 looiS‚
885 1550 929 1582 Et
953 1550 1061 1582 illuxit
1087 1557 1181 1589 quam
1206 1546 1407 1588 praeclarum

244 1599 436 1640 Jeronymus
464 1600 607 1640 coelitus,
933 1597 986 1630 Sic
1010 1606 1119 1629 amara
1145 1595 1291 1635 dulciter,

195 1647 378 1680 Enodando
400 1656 511 1680 sonum
533 1648 620 1680 vocis
886 1646 1018 1685 Quando
1043 1644 1195 1677 mundum
1221 1643 1284 1675 sibi
1310 1650 1418 1674 carum

241 1695 457 1728 Aeternorum
483 1695 632 1727 ambitus.
932 1692 1130 1733 Contempsit
1155 1691 1312 1724 celeriter.

139 1765 169 1796 2.
195 1763 246 1795 Ex
270 1763 386 1805 abysso
411 1764 556 1795 veritatis
825 1763 856 1794 5.
885 1761 1012 1793 Nudam
1039 1761 1167 1793 humum
1194 1758 1405 1798 amplexando

243 1811 351 1844 Divini
378 1811 503 1844 consilii
931 1810 984 1841 Ad
1007 1816 1165 1848 praesepe
1189 1806 1318 1839 Domini

197 1859 314 1892 Hausit
337 1860 444 1891 lumen
471 1859 627 1891 claritatis
879 1856 1060 1889 Festinavit,
1082 1854 1269 1894 relaxando,

241 1907 286 1940 Et
310 1916 459 1941 eoronam
485 1907 545 1940 lilii
930 1904 1017 1943 Quae
1041 1904 1156 1936 nociva
1180 1902 1311 1941 homini,

195 1954 378 1997 Stolamque
400 1954 613 1997 ,iucunditatis
882 1952 1044 1992 Bonisque
1069 1949 1330 1983 communicando

240 2004 382 2037 Aureola
405 2003 552 2045 praemii.
932 1998 1114 2031 Conformia
1138 1997 1260 2030 lumini.

133 2073 166 2105 3.
192 2070 247 2105 Sol
270 2071 454 2104 illuminans
481 2070 618 2102 obseura
824 2068 855 2100 6.
882 2066 950 2098 Deo
977 2066 1063 2106 patri
1087 2066 1156 2097 laus
1184 2067 1215 2096 et
1239 2065 1341 2096 honor

240 2120 303 2152 Per
328 2120 435 2153 omnia
459 2117 628 2159 prospicit,
931 2113 980 2145 Sit
1005 2116 1037 2144 et
1058 2113 1125 2154 ejus
1148 2111 1224 2152 filio,

189 2167 458 2209 Expellendoque
482 2175 545 2199 non
570 2173 653 2205 pura
883 2161 1018 2202 Spiritui
1042 2165 1152 2193 saneto
1176 2160 1259 2200 pari,

237 2215 461 2257 Haeresesque
486 2214 607 2255 abjicit,
929 2209 1061 2242 Doctori
1091 2208 1216 2249 eximio,

189 2263 388 2304 Indagando‚
416 2271 497 2303 quae
522 2264 597 2294 sunt
621 2260 720 2298 clara,
885 2257 943 2295 Qui
970 2257 1176 2296 Jeronymum
1204 2256 1327 2288 dotavit

236 2314 356 2346 Veram
382 2311 480 2344 fidem
506 2308 642 2342 conficit,
931 2303 970 2336 In
992 2304 1129 2344 perenni
1153 2303 1279 2345 gaudio,

206 2398 293 2425 BreV.
314 2404 367 2424 ms.
389 2395 548 2430 Trojanum
570 2402 646 2422 saec,
669 2391 714 2420 15.
749 2390 819 2419 cod.
839 2389 1028 2426 Neapolitan.
1047 2389 1091 2417 VI
1109 2389 1137 2417 E
1158 2387 1203 2417 15.
1227 2404 1264 2409 --
1283 2388 1310 2425 2,
1332 2388 1349 2418 3
1363 2391 1455 2418 Auxit

128 2436 237 2465 lumen.
260 2449 297 2455 —
318 2432 345 2469 3,
365 2432 386 2461 4
406 2442 463 2471 que
484 2434 613 2470 erg'anzt.
