1651 2621
698 115 958 151 ——243—

442 214 474 248 2.
551 213 655 246 Claris
682 218 753 246 orta
777 213 976 253 parentibus,

492 261 624 293 Pollens
651 262 759 293 eximii
785 262 930 301 conjugio
956 262 1028 302 viri,

544 308 724 341 Praestanti
747 308 832 341 facie
855 309 960 349 nimis,

495 356 623 388 Morum
649 357 744 398 plena
768 357 858 397 satis,
886 357 976 389 dives
1001 366 1098 397 opum
1122 356 1194 397 fuit,

440 442 473 475 3.
546 442 640 475 Hanc
665 443 754 482 virgo
780 443 909 474 monitis
934 444 999 474 suis

503 489 661 530 Seraphia
685 491 787 530 probe
810 488 932 522 fecerat
956 491 1045 523 idola

547 537 630 569 Toto
656 538 753 569 corde
777 538 959 578 relinquere

499 584 694 625 Factorique
718 594 775 617 suo
801 585 934 618 credere
957 586 1092 618 concite.

441 671 474 704 4.
549 669 681 710 Sprevit
701 671 776 710 jura
799 671 991 711 parentium,

503 717 628 749 Durum
653 727 717 749 non
742 717 848 750 timuit
872 718 1023 759 supplicii
1047 726 1157 760 genus,

550 764 614 797 Sed
640 765 799 805 praebens
824 765 932 805 gladio
958 769 1055 805 caput

501 812 663 844 Centenae
686 814 800 844 merito
825 811 928 853 frugis
953 814 1023 845 adit
1046 813 1189 853 gradum.

442 899 473 932 5.
548 897 602 930 Sic
624 899 658 930 in
683 902 786 930 morte
810 899 908 931 semel
932 908 1005 931 suos

501 946 711 978 Abscondens
738 947 844 978 oculos
870 955 997 986 semper
1022 955 1120 980 ovans
1146 947 1235 979 videt

549 992 632 1025 Solis
657 995 805 1033 perpetui
827 994 933 1034 jubar,

501 1040 672 1080 Nunquam
700 1040 849 1073 deficiens
876 1042 969 1080 hujus
995 1041 1056 1072 erit
1082 1041 1159 1072 dies.

445 1127 477 1159 6.
553 1126 647 1159 Felix
674 1126 751 1158 orbe
775 1126 948 1169 potentior,

501 1174 588 1213 Quae
616 1173 738 1205 coelum
762 1174 880 1214 recipit
903 1174 1056 1214 sanguine
1080 1183 1139 1215 pro
1165 1183 1231 1215 suo,

552 1220 609 1252 Cui
634 1229 757 1253 merces
781 1222 951 1262 paradisus
978 1224 1035 1261 est,

500 1268 596 1300 Vitae
624 1268 748 1300 deliciis
774 1269 920 1301 omnibus
944 1267 1088 1302 affluens

445 1355 476 1390 7.
549 1354 624 1386 Illic
647 1363 828 1393 purpureus
852 1363 945 1386 rosae

501 1400 579 1433 Flos
606 1403 638 1433 et
662 1401 781 1433 nardus
806 1402 900 1441 inest,
927 1404 1040 1433 vernat
1064 1410 1240 1441 amaracus,

547 1448 662 1481 Floret
688 1457 757 1480 cum
783 1449 874 1481 violis
902 1457 1020 1487 crocus,

504 1496 638 1536 Spirant
661 1496 757 1528 thura
781 1496 919 1536 thymus,
945 1496 1015 1528 lilia
1039 1496 1226 1529 balsamum.

445 1582 477 1615 8.
551 1582 698 1621 Hymnos
724 1582 859 1623 angelici
886 1581 983 1621 chori,

503 1628 702 1670 Condignum
729 1633 879 1662 resonant
904 1639 1030 1661 carmen
1057 1629 1204 1669 apostoli,

550 1677 697 1709 Psallunt
722 1686 815 1717 quam
841 1678 894 1717 pie
915 1680 1085 1718 martyres,

501 1724 548 1757 Et
571 1725 696 1764 plectro
718 1724 839 1757 feriunt
862 1728 1015 1765 tympana
1040 1725 1190 1765 virgines.

445 1812 476 1843 9.
551 1810 646 1842 Salus
672 1813 782 1842 sancta
808 1811 1003 1850 perenniter,

501 1856 623 1889 Horum
651 1866 732 1897 quae
756 1858 862 1890 medio
888 1858 1001 1897 psallis
1025 1858 1058 1889 in
1084 1858 1218 1898 agmine,

551 1905 602 1937 De
627 1913 687 1944 quo
710 1905 777 1944 Jam
802 1905 987 1944 specialiter

501 1952 762 1992 Marsorum,
789 1953 937 1992 potimuS,
963 1960 1096 1984 munera
1120 1952 1254 1992 respice.

422 2039 480 2073 10.
553 2039 640 2071 Laus
665 2041 805 2082 aeterna,
831 2039 929 2081 salus,
954 2039 1066 2077 honor,

504 2087 625 2127 Virtus,
650 2086 829 2126 imperium,
855 2086 910 2118 lux
936 2087 1005 2118 sine
1030 2086 1176 2128 termino,

551 2135 622 2167 Rex
647 2143 767 2176 regum,
794 2134 864 2172 tibi,
893 2134 1029 2177 Christe,
1056 2134 1099 2165 sit

501 2182 546 2216 Et
572 2192 643 2215 cum
667 2185 761 2223 patre
784 2182 854 2215 Deo
879 2182 1008 2223 spiritui
1032 2191 1134 2216 sacro.

251 2290 337 2317 Brev.
357 2297 411 2317 ms.
434 2288 596 2317 Casinense
616 2295 692 2316 saec.
716 2286 759 2315 11.
801 2287 872 2315 Cod.
892 2287 1028 2315 Vatican.
1054 2286 1161 2315 Urbin.
1176 2283 1241 2314 585.
1263 2286 1328 2314 add.
1352 2294 1428 2315 saec.
1453 2283 1497 2316 13.

175 2330 211 2358 A.
232 2342 270 2348 -—
297 2326 367 2355 Cocl.
388 2328 526 2355 casinen.
556 2323 621 2355 280.
647 2334 724 2354 saec.
747 2323 792 2354 11.
813 2326 847 2352 B.
867 2340 906 2344 —
928 2323 978 2360 10,
998 2323 1017 2353 3
1039 2326 1080 2353 sit
1098 2325 1212 2353 Chi-isti
1229 2325 1263 2353 A.
1285 2340 1325 2345 ——
1343 2326 1497 2354 Vei-fasser

173 2365 383 2444 gssgbf'ligmnus
407 2367 449 2393 ist
468 2365 662 2402 Alphanus
688 2373 758 2392 von
780 2364 945 2392 Salerno.
985 2364 1043 2391 Die
1065 2364 1273 2400 Bezeichnung
1293 2363 1330 2392 acl
1349 2365 1496 2401 Vesperas

1264 2458 1324 2489 16⁹<
