1651 2621
705 135 962 170 —235——

539 244 608 279 399.
637 246 680 278 De
705 254 747 278 ss.
767 247 862 279 Proto
884 248 916 279 et
936 248 1123 287 Hyaeintho.

718 323 767 354 Ad
785 325 943 363 Vesperas.

172 402 202 435 1.
230 401 331 435 Novis
358 403 496 435 exsultet
519 403 643 443 gaudiis

232 450 328 483 Felix
354 450 495 484 Cumana
515 450 639 491 civitas,

230 498 318 538 Quae
344 501 521 537 martyrum
546 497 705 537 suffragiis

230 544 359 577 Laudes
383 549 525 577 meretur
548 545 678 579 inclitis,

173 603 205 635 2.
230 602 325 635 Clere
349 602 522 645 emensis,
542 602 655 642 jubila,

232 650 292 689 Qui
317 650 463 682 meruisti
487 658 611 682 sumere

233 697 423 730 Sanctorum
447 705 540 730 saera
565 706 700 737 corpora

233 745 392 784 claroque
416 745 485 778 visu
511 754 650 778 eernere.

174 801 205 834 3.
232 802 323 834 Proti
349 805 382 834 et
405 802 547 834 Jacinthi
572 803 706 842 gloriam

231 849 401 881 Reducens
425 850 466 881 ad
491 850 686 890 memoriam,

229 896 290 936 Qui
315 897 356 928 ad
383 897 550 929 coelestem
573 897 693 929 curiam

235 943 426 976 Consociant
448 944 637 984 Eugeniam.

860 406 892 438 4.
918 403 1023 437 Ambo
1048 405 1191 445 germani
1215 405 1333 437 milites

920 451 985 485 Sub
1013 452 1139 485 Galieni
1163 453 1270 492 gladio

918 499 1034 532 Effecti
1060 499 1179 532 Christi
1203 502 1361 540 martyres

917 548 957 580 In
983 547 1063 579 coeli
1087 550 1223 588 regnant
1246 548 1334 580 solio.

884 631 892 638 .
919 605 944 637 O
970 604 1080 645 quanti
1103 613 1162 643 per
1184 604 1361 645 Eugeniam

918 653 1041 691 Quotve
1062 661 1123 691 per
1145 653 1225 684 istos
1250 655 1408 693 martyres

923 698 1012 732 Coeli
1036 698 1142 731 sortiti
1167 700 1300 739 gloriani

920 746 961 779 Se
985 747 1125 787 gaudent
1150 755 1220 778 esse
1244 746 1392 782 coelibes,

885 826 892 834 .
918 803 967 835 Sit
991 803 1131 835 trinitati
1155 804 1258 845 gloria

918 851 981 883 Per
1004 850 1129 883 infinita
1152 852 1287 891 saecula,

916 899 1003 938 Quae
1026 906 1084 930 nos
1107 907 1168 939 per
1190 899 1302 931 horum
1327 899 1443 932 merita

916 946 954 978 In
978 946 1050 977 luce
1074 949 1174 985 ponat
1197 946 1315 979 sedula.

247 1039 333 1066 Brevi
358 1047 412 1066 ms.
432 1039 656 1067 Novocomense
680 1041 750 1067 anni
771 1037 854 1068 1420.
890 1038 961 1067 Coa.
981 1040 1071 1069 Univ.
1090 1041 1253 1068 Bononien.
1271 1042 1394 1069 Mezzof.
1419 1040 1485 1071 339.

531 1187 602 1219 400.
636 1188 679 1219 De
700 1196 739 1220 ss.
761 1189 853 1220 Proto
872 1190 905 1220 et
924 1188 1106 1227 Hyaeintho.

719 1266 767 1295 Atl
786 1265 913 1296 Laudes.

170 1343 200 1376 1.
227 1343 316 1377 Proti
343 1347 375 1375 et
399 1343 542 1376 Jaointhi
567 1345 682 1377 merita

230 1391 347 1423 Sancta
371 1395 500 1432 promat
525 1392 660 1424 ecclesia

227 1438 298 1470 Nec
323 1439 418 1471 sileat
442 1440 623 1484 praeconia,

227 1486 370 1518 Virtutes
395 1489 429 1518 et
449 1487 607 1527 prodigia.

166 1545 199 1577 2.
226 1544 392 1576 Guniensis
416 1543 494 1575 urbs
518 1544 693 1583 praecipue

227 1590 354 1623 Christo
381 1594 507 1623 tenetur
531 1592 672 1631 psallere

225 1638 295 1671 Nee
320 1639 469 1671 laudibus
497 1639 662 1679 desistere,

224 1686 328 1720 Tanto
355 1687 458 1719 ditata
480 1696 620 1720 munere.

166 1745 197 1778 3.
225 1744 338 1776 Clerus
365 1753 440 1783 ergo
467 1752 536 1775 cum
561 1745 679 1784 populo

224 1791 386 1831 Hymnum
415 1792 582 1831 depromat
605 1792 742 1824 Domino

226 1839 314 1871 Voce
338 1839 423 1870 laeta
450 1847 519 1870 cum
541 1838 644 1878 jubilo

225 1887 323 1920 Pulso
348 1886 502 1918 moeroris
527 1885 647 1919 nubilo.

858 1346 892 1378 4.
918 1345 1002 1377 Dum
1027 1349 1204 1386 martyrum
1229 1347 1397 1379 translatio

916 1393 1018 1425 Nobis
1045 1397 1093 1425 est
1118 1394 1297 1431 exsultatio,

915 1441 998 1481 Quos
1022 1444 1132 1473 sancta
1157 1440 1236 1473 feeit
1259 1442 1366 1481 passio

914 1487 1004 1520 Coeli
1029 1487 1092 1520 frui
1119 1489 1251 1528 palatio.

879 1568 886 1574 .
912 1545 951 1577 In
975 1545 1026 1577 his
1053 1554 1127 1585 ergo
1151 1545 1313 1578 solemniis

913 1593 1005 1625 Votis
1030 1602 1197 1633 precemur
1221 1593 1351 1636 sedulis,

911 1640 957 1672 Ut
980 1641 1122 1680 ipsorum
1149 1640 1308 1682 suffragiis

914 1687 1002 1720 Coeli
1026 1687 1171 1720 fruamur
1196 1688 1331 1729 gaudiis

866 1747 886 1777 ⁴.
913 1744 961 1777 Sit
987 1745 1125 1777 trinitati
1150 1746 1253 1786 gloria

912 1792 976 1824 Per
1000 1791 1125 1825 infinita
1150 1793 1286 1832 saecula,

912 1840 1000 1879 Quae
1024 1849 1081 1871 nos
1105 1848 1165 1879 per
1189 1840 1301 1872 horum
1326 1842 1441 1873 merita

913 1887 952 1918 In
975 1887 1048 1918 luce
1072 1890 1171 1927 ponat
1196 1887 1316 1920 sedula.

239 1982 324 2011 Brev.
359 1991 412 2010 ms.
447 1982 667 2010 Nevocomense
702 1982 773 2008 anni
811 1978 893 2009 1420.
945 1980 1014 2008 Cod.
1044 1981 1133 2010 Univ.
1164 1982 1326 2010 Bononien.
1357 1982 1479 2011 Mezzof.

161 2019 227 2050 339.
241 2036 281 2040 —
303 2019 326 2055 l,
349 2018 367 2048 2
386 2023 510 2057 promet.
524 2036 562 2040 —
583 2017 608 2053 6,
632 2017 647 2046 1
669 2019 717 2048 sit
734 2020 800 2054 tibi,
820 2020 921 2047 weiter
940 2019 1052 2054 niehts3
1074 2019 1196 2055 erganzt
1213 2028 1266 2047 aus
1288 2020 1339 2048 der
1357 2021 1480 2058 vorigen

159 2060 311 2089 Nummer.

573 2199 638 2232 401.
666 2199 711 2230 De
731 2199 844 2231 saneta
864 2197 1066 2238 Radegunde.

161 2283 192 2315 1.
220 2282 245 2314 O
273 2291 331 2313 rex
354 2281 502 2324 benigne,
528 2281 675 2321 Domine,

218 2329 382 2361 Virtutum
407 2330 516 2369 palma
540 2328 676 2370 fulgida,

217 2377 306 2411 Audi
331 2385 410 2417 quas
435 2376 575 2411 fundunt
599 2377 712 2417 populi

218 2426 336 2458 Preces
362 2427 531 2465 precantes
559 2425 675 2458 cernui.

852 2282 884 2314 2.
908 2281 1024 2313 Almae
1048 2279 1177 2320 reginae
1202 2279 1314 2312 rutilat

910 2329 1010 2362 Festa
1036 2328 1103 2359 dies
1123 2336 1161 2360 ae
1188 2327 1323 2360 celebris

909 2375 1127 2417 Radegundis‚
1154 2376 1305 2416 precibus

911 2425 1008 2466 Cujus
1034 2423 1150 2459 muniri
1174 2425 1324 2465 petimus.
