1651 2621
703 122 961 159 -280—

185 226 216 259 3.
240 224 405 266 Agrestius
435 233 506 256 cum
526 222 645 256 hordeo
860 221 893 255 4.
916 220 1021 252 Draco
1044 217 1134 259 fugit,
1161 217 1244 250 celat
1267 219 1363 258 petra

244 273 359 305 Sancto
382 272 518 312 ligonem
545 270 661 313 dirigit,
920 267 1099 306 Corvusque
1124 267 1194 299 luco
1219 266 1341 307 nutriit,

246 320 324 353 Mox
348 320 464 359 septies
489 318 644 351 sextarius
918 315 1095 354 Tribusque
1119 315 1216 347 vitam
1242 314 1375 346 mortuis

242 368 361 400 Decem
385 370 472 399 satus
496 365 675 407 reporrigit.
920 363 1006 395 Deus
1031 371 1089 402 per
1112 362 1199 394 illum
1226 362 1383 402 praebuit.

566 423 597 455 5.
624 421 713 454 Patri
736 421 778 454 sit
802 422 895 460 atque
918 419 984 452 filio

621 469 842 508 Paraclitoque
864 466 984 499 flamini

622 516 717 557 Laus,
744 516 797 556 qui
823 515 912 547 dedit
936 514 1071 548 Venerio

620 564 728 604 Regno
753 571 889 602 superno
913 561 1046 603 perfrui.

256 632 411 668 Proprium
430 631 573 666 Regiense
591 628 642 656 inf.
662 629 748 665 Regii
770 626 852 656 1567.

627 711 692 742 475.
721 710 765 743 De
783 711 890 742 saneto
910 711 1046 743 Victore.

698 779 745 808 Ad
764 777 955 808 Nocturnum.

183 843 214 875 1.
242 843 380 874 Aeterno
405 840 472 880 regi
496 838 616 880 gloriae
854 840 887 871 4.
912 838 1043 871 Praesul
1069 838 1177 870 Victor
1202 837 1409 877 sanctissime,

241 889 355 920 Vocem
381 887 488 918 demus
514 895 581 918 cum
603 885 762 925 laudibus,
912 885 1024 917 Funde
1048 894 1158 925 preces
1183 886 1226 918 ad
1249 884 1428 924 Dominum,

241 937 299 975 Qui
326 937 484 967 coronavit
510 933 604 966 hodie
911 933 961 964 Ne
981 941 1039 973 pro
1064 935 1153 964 reatu
1179 932 1341 964 criminum

238 983 406 1016 Victorem,
446 985 586 1012 nostrum
610 980 795 1019 praesulem.
911 981 1026 1012 Poenis
1052 988 1235 1019 quassemur
1259 980 1385 1012 tartari.

180 1041 211 1072 2.
241 1040 346 1071 Victor
374 1036 432 1069 fuit
456 1038 489 1069 in
515 1036 656 1069 omnibus
854 1038 883 1070 5.
909 1037 993 1068 Audi
1018 1040 1186 1076 gementes,
1212 1035 1357 1079 Domine,

241 1086 393 1125 Operibus
414 1088 443 1115 et
469 1085 603 1124 nomine,
909 1083 1030 1115 Relaxa
1051 1083 1142 1115 nobis
1168 1085 1299 1125 scelera,

242 1132 399 1165 Convertit
425 1132 539 1163 multos
564 1129 649 1169 fidei,
910 1130 1011 1162 Nobis
1037 1130 1144 1162 confer
1169 1131 1319 1163 auxilium

239 1180 374 1212 Cunctas
400 1179 537 1209 evellens
561 1179 716 1209 haereses.
910 1177 1012 1217 Hujus
1036 1181 1168 1218 precatu
1193 1179 1360 1219 praesulis.

180 1238 211 1269 3.
238 1235 428 1267 Antoninum
458 1233 665 1273 praenostica,
853 1235 883 1267 6.
911 1233 1020 1266 Gloria
1038 1234 1107 1277 tibi,
1133 1235 1278 1274 Domine,

237 1282 368 1315 Sanctus
397 1282 523 1321 praesul
548 1280 759 1320 praedixerat,
911 1282 969 1319 Qui
994 1290 1027 1313 es
1053 1290 1168 1314 corona
1192 1283 1382 1323 praesulum,

236 1331 300 1362 Isto
322 1337 443 1369 quoque
466 1329 500 1360 in
524 1328 642 1359 tumulo
909 1328 1009 1360 Nobis
1033 1329 1188 1361 medelam
1212 1330 1327 1372 tribue,

235 1377 291 1408 Me
314 1376 451 1408 sanctior
474 1374 641 1408 locabitur.
908 1375 952 1408 Ut
976 1385 1032 1408 nos
1059 1376 1155 1409 ducas
1179 1378 1221 1410 ad
1246 1386 1387 1417 superos.

252 1442 336 1469 Brev.
358 1449 410 1467 ms.
431 1440 633 1467 Placentinum
652 1448 725 1467 sace.
749 1438 792 1467 14.
836 1440 905 1467 cod.
926 1440 1018 1477 Capit.
1038 1440 1198 1470 Placentin.
1222 1440 1264 1470 is.

606 1531 671 1562 476.
701 1532 743 1563 Dc
763 1532 874 1564 sancta
892 1532 1041 1564 Victoria.

703 1599 749 1629 Ad
769 1599 922 1636 Vesperas.

435 1658 466 1691 1.
493 1658 631 1699 Virginis
656 1658 773 1691 Christi
798 1659 911 1690 merita
935 1659 1046 1692 beatae

491 1705 644 1744 Martyris
669 1714 727 1737 nec
750 1714 813 1738 non
838 1706 997 1738 Victoriae
1022 1715 1140 1746 sacrae,

492 1752 585 1793 Socii,
613 1753 705 1784 simul
730 1753 823 1784 colite
847 1753 959 1785 devote

537 1800 638 1832 Deum
662 1800 837 1833 laudantes,

441 1857 473 1890 2.
499 1856 584 1895 Quae
603 1855 667 1888 fido
694 1857 789 1889 corde
813 1866 900 1889 suam
926 1859 1101 1890 castitatem

491 1903 629 1944 Conjuge
653 1907 759 1944 spreto
783 1905 910 1937 monitis
934 1908 1077 1938 sacratae

496 1951 640 1991 Collegae
664 1960 739 1983 suae
762 1952 931 1984 Anatoliae
956 1954 1048 1986 docta

536 1999 660 2032 Obtulit
681 1999 760 2032 Deo.

432 2057 463 2089 3.
489 2055 561 2088 Suis
586 2065 659 2087 nam
682 2056 768 2096 gazis
794 2057 899 2096 egenis
923 2057 1049 2093 tributis

486 2104 606 2136 Perosa
629 2112 744 2143 sponso
771 2104 884 2136 dehinc
908 2103 993 2138 facta
1017 2114 1084 2148 suo,

489 2150 606 2184 Severa
629 2155 734 2184 mente
757 2152 898 2192 praediis
922 2152 1075 2193 squalidis

531 2199 683 2231 Exsulem
706 2197 793 2232 fecit.

433 2257 464 2288 4.
491 2255 607 2288 Adfuit
630 2256 691 2287 sibi
716 2256 755 2289 ab
780 2256 837 2288 illo
862 2256 1011 2299 solamen,

485 2303 544 2343 Qui·
567 2312 724 2343 nunquam
748 2305 781 2336 in
803 2312 838 2335 se
861 2304 979 2337 deserit,
1002 2309 1177 2348 sperantes,

484 2351 602 2384 Incolis
625 2351 690 2383 illis
716 2352 882 2384 adnotavit
906 2362 983 2397 eam,

533 2398 649 2440 Quibus
672 2398 802 2432 faveret.
