1651 2621
706 124 965 159 —138-—

618 236 678 268 231.
707 237 750 268 De
770 238 877 269 saneto
898 236 1057 270 Januario.

745 324 793 353 Ad
812 323 938 354 Laudes.

194 402 224 435 1.
250 402 353 434 Adest
378 402 444 434 dies
467 402 619 442 laetitiae,
867 405 899 435 4.
926 403 988 435 Suo
1013 402 1130 433 tinctus
1155 401 1187 433 in
1213 401 1366 441 sanguine

249 449 344 481 Dulci
371 449 481 489 dignus
504 451 662 492 memoria,
925 449 970 483 Ut
993 458 1090 489 agnus
1115 449 1233 488 absque
1258 448 1381 480 macula

251 496 316 534 Quo
343 497 469 536 praesul
493 496 691 529 innocentiae
925 495 1061 529 Offertur
1085 496 1154 528 sine
1179 496 1310 527 crimine

249 543 440 582 Triumphat
465 552 533 575 cum
556 544 699 576 victoria.
925 542 1099 576 Geruscans
1127 551 1186 582 per
1209 543 1371 574 miracula.

193 600 224 631 2.
252 599 410 632 Christum
435 608 545 640 gerens
569 600 602 631 in
627 602 756 640 pectore
868 602 900 634 5.
927 599 1048 631 viduae
1073 599 1182 631 matris
1208 599 1306 631 filium

249 647 332 679 Fide
355 655 512 686 nunquam
538 646 749 687 confunditur,
924 647 1105 678 Resuscitat
1128 646 1168 677 ab
1193 645 1316 685 inferis,

250 694 314 726 Pro
339 703 400 734 qua
423 694 456 725 in
481 702 570 725 sacro
597 702 728 732 corpore
925 692 1115 725 Defunctum
1141 701 1262 733 quoque
1288 692 1383 724 alium

252 740 341 772 Dura
362 743 519 772 tormenta
543 742 672 780 patitur.
926 741 1079 773 Contactu
1104 740 1188 771 sacri
1211 740 1361 780 pulveris.

194 797 225 830 3.
251 796 345 829 Hunc
369 797 550 828 Timotheus
575 798 717 828 victimat
868 798 899 830 6.
924 796 1098 829 Flammam
1123 797 1239 828 montis
1264 796 1391 828 Vesuvii

252 843 326 875 Non
351 843 513 875 cedentem
539 844 707 882 erroribus,
927 844 1105 883 Spargebat
1127 844 1175 875 vis
1199 843 1349 883 incendii,

253 890 316 922 Sed
340 891 424 922 hunc
447 892 573 922 sanctus
600 891 788 922 exterminat
927 891 989 922 Sed
1014 891 1047 921 in
1073 890 1204 922 terroris
1228 890 1332 922 medio

250 937 414 969 Immensis
439 937 639 970 cruciatibus.
927 937 1059 969 Sanctus
1091 937 1183 970 adest
1205 937 1376 977 praesidio.

588 995 618 1026 ’7.
646 992 756 1025 Gloria
777 993 846 1033 tibi,
873 993 1016 1027 Domine.

267 1067 367 1103 Propr.
387 1067 613 1103 Neapolitanum
632 1069 701 1102 imp.
721 1067 849 1102 Neapoli
871 1065 951 1095 1525.
970 1082 1008 1087 —
1029 1065 1053 1101 6,
1077 1066 1092 1095 1
1112 1076 1196 1096 mons
1216 1069 1347 1097 Vesuvii.

549 1206 616 1237 232.
644 1205 679 1237 In
700 1205 910 1238 Decollatione
930 1215 953 1238 s.
974 1206 1131 1238 Johannis.

197 1295 227 1326 1.
250 1293 420 1333 Propheta,
448 1296 570 1332 martyr
591 1294 718 1325 inclitus
869 1296 901 1328 4.
928 1296 1015 1327 Inter
1045 1298 1175 1327 cruenta
1200 1295 1321 1328 fercula

254 1340 341 1378 Silet,
366 1340 541 1380 triumphat
563 1340 666 1379 hodie,
926 1342 1027 1380 Caput
1050 1343 1082 1373 in
1110 1342 1196 1374 disco
1221 1343 1368 1385 traditur,

253 1387 428 1419 Lucernam
452 1388 579 1418 missam
604 1387 734 1419 coelitus
926 1390 1014 1421 Inter
1038 1398 1155 1421 vesana
1179 1390 1292 1429 pocula

251 1433 367 1465 Manus
390 1434 472 1466 texit
493 1433 657 1473 perfidiae,
926 1435 1059 1475 Sanguis
1086 1436 1261 1476 prophetae
1285 1435 1440 1471 funditur.

196 1492 227 1522 2.
250 1490 324 1521 Zelo
348 1488 472 1521 fervens
494 1491 637 1530 justitiae
869 1493 899 1524 5.
924 1492 1120 1524 Accedentes
1147 1493 1296 1534 discipuli

253 1536 348 1576 Regis
371 1536 525 1570 incestum
550 1537 680 1575 horruit,
928 1539 1048 1577 Corpus
1073 1548 1142 1571 cum
1167 1540 1347 1572 reverentili

255 1583 421 1626 Johanne5‚
450 1584 498 1615 vir
524 1584 727 1624 constantiae,
925 1586 964 1617 111
987 1586 1057 1618 1000
1082 1590 1203 1627 ponunt
1226 1590 1335 1619 tumua

254 1629 413 1662 Scelerum
437 1631 539 1662 virum
564 1632 678 1671 arguit.
926 1632 984 1664 Pia
1011 1633 1120 1665 dantes
1146 1634 1292 1674 suspiria.

194 1688 225 1719 3.
252 1686 388 1718 Saltavit
410 1690 486 1719 nata
509 1687 637 1726 viperae
870 1690 900 1721 6.
923 1688 1042 1721 Laudis
1066 1690 1207 1722 solvatur
1235 1690 1385 1732 debitum,

254 1733 372 1765 Ohoros
399 1734 514 1766 ducens
537 1734 697 1773 lasciviae,
927 1735 1051 1768 Christo
1078 1737 1173 1768 decus
1197 1741 1228 1769 et
1252 1738 1363 1779 gloria,

251 1780 350 1812 Matri
374 1784 482 1819 portat
504 1781 668 1813 adulterae
930 1783 990 1821 Qui
1015 1792 1073 1823 per
1097 1783 1249 1817 Johannis
1274 1786 1420 1818 meritum

253 1828 355 1867 Caput
376 1829 551 1868 prophetae
574 1829 703 1868 gratiae.
927 1829 993 1861 Nos,
1020 1831 1115 1863 ducat
1138 1832 1180 1863 ad
1206 1833 1364 1866 coelestia.

268 1902 353 1929 Brev.
377 1910 428 1928 ms.
456 1902 635 1930 Civitatense
663 1910 738 1930 saec.
766 1901 809 1931 15.
857 1902 925 1930 Cod.
951 1905 1093 1933 Marcian.
1121 1906 1147 1933 L
1169 1907 1185 1933 1
1208 1904 1254 1935 85.
1279 1907 1314 1934 A.
1343 1924 1382 1929 —
1407 1909 1494 1936 Brev.

192 1940 379 1975 Aquilejense
398 1941 466 1975 imp.
487 1940 619 1968 Venetiis
641 1938 721 1968 1481.
742 1941 776 1968 B.
795 1956 834 1961 -—
860 1940 885 1974 6,
908 1940 923 1969 1
946 1943 1067 1970 solvitur
1087 1944 1119 1971 B.
1140 1959 1177 1963 —
1198 1943 1223 1979 6,
1245 1943 1263 1972 2
1284 1946 1399 1975 Christe
1417 1948 1453 1974 A.

577 2079 643 2111 233.
674 2080 717 2111 De
737 2089 760 2112 s.
780 2081 919 2113 ,Iohanne
937 2081 1099 2122 Episcopo.

733 2168 781 2197 Ad
799 2167 957 2206 Vesperas.

196 2247 225 2279 1.
253 2245 373 2289 Gaude,
399 2244 503 2278 fidelis
529 2247 646 2288 concio,
873 2250 903 2280 2.
932 2248 1027 2287 Cujus
1052 2250 1185 2282 sacratis
1211 2252 1358 2292 precibus

251 2294 288 2325 In
314 2294 415 2325 sancti
438 2294 593 2333 natalitio,
931 2296 1039 2328 Turba
1062 2305 1206 2337 pressum
1229 2300 1261 2331 in
1287 2300 1432 2339 pluribus

253 2341 349 2380 Cujus
373 2344 537 2380 praestant
560 2342 713 2374 solemnia
931 2342 1031 2375 Matri
1056 2348 1215 2379 restauras
1240 2356 1383 2388 puerum,

252 2388 386 2420 Beata
410 2389 530 2421 nobis
556 2389 719 2430 gaudia.
933 2392 1142 2426 Conditor
1166 2395 1271 2427 alme
1296 2397 1495 2432 siderum.
