1651 2621
709 131 965 166 -176—

426 232 458 263 2.
483 229 621 269 Populos
646 236 768 269 quoque
792 227 920 261 Domini
945 226 1084 258 diversos

485 277 613 309 Marcus
639 276 750 309 beatus
775 276 888 307 obtulit
914 281 1081 305 conversos

483 323 528 356 Et
543 324 582 356 ab
605 324 744 364 Aegypti
767 323 862 355 idolis
887 329 1013 354 aversos

530 372 616 404 Voce
639 371 775 404 virtutis

428 428 458 460 3.
486 427 604 466 Quibus
628 426 755 459 refertis
779 427 863 458 veris
888 424 1045 456 alimentis

483 475 528 506 Et
554 475 711 507 roboratis
735 474 797 514 piis
822 471 1015 505 documentis

485 522 590 562 Atque
611 521 768 562 signorum
793 521 889 553 variis
914 516 1061 551 fomentis

531 569 598 609 Ope
620 569 768 608 potentis.

428 627 460 659 4.
487 625 690 664 victoriaque
713 623 812 656 nobili
836 623 971 662 patrata,

484 672 627 712 “Migrans
653 671 694 703 ad
720 670 799 702 coeli
822 669 937 710 gaudia
960 668 1053 699 beata

484 719 627 752 Praemia
650 717 785 758 sumpsit
810 717 940 749 dextera
964 716 1075 755 parata

532 766 773 804 Omnipotentis.

429 824 460 855 5.
485 822 547 854 Ubi
572 830 631 862 pro
653 821 769 852 nostris
791 820 909 861 jugiter
933 817 1072 858 peccatis

487 869 652 908 supplicet
676 868 800 900 Christo
827 865 975 906 precibus
999 864 1110 906 beatis,

484 915 585 948 Nobis
611 917 642 947 et
665 923 794 955 regnum
819 921 957 946 summae
982 911 1134 944 claritatis

531 963 684 1003 Impetret
711 961 790 994 dari.

427 1022 457 1053 6.
484 1019 533 1052 Sit
555 1019 623 1051 Deo
650 1018 754 1059 decus,
779 1020 886 1049 nostro
912 1014 1056 1054 creatori,

485 1065 535 1099 Sit
557 1073 678 1105 quoque
703 1064 836 1103 Christo,
862 1065 969 1094 nostro
994 1059 1189 1100 redemptori

484 1112 677 1152 Spirituique
701 1112 742 1143 sit
767 1109 955 1142 consolatori

530 1159 638 1191 Gloria
662 1159 742 1197 pari.

265 1235 344 1262 Offic.
369 1244 420 1262 ms.
442 1234 471 1262 S.
491 1234 584 1261 Marci
605 1241 679 1261 saec.
702 1231 744 1260 16.
785 1231 853 1259 Cod.
872 1231 1012 1259 Marcian.
1032 1230 1058 1256 L
1077 1230 1108 1257 Π
1128 1227 1173 1257 93.
1197 1243 1234 1247 -
1254 1226 1286 1262 3,
1317 1224 1330 1254 1
1351 1228 1421 1256 Lies
1441 1236 1485 1255 re-

187 1273 279 1300 fectis.
298 1288 336 1292 —
356 1272 413 1299 Str.
432 1271 452 1300 4
471 1282 498 1299 u.
520 1270 537 1299 5
558 1271 732 1308 umgestellt,
753 1278 844 1307 gegen
864 1269 938 1297 siun
957 1269 1017 1296 und
1035 1268 1128 1295 Reim.
1149 1280 1186 1286 -—
1207 1264 1232 1301 6,
1252 1265 1273 1294 4
1286 1265 1389 1294 Gloria
1408 1267 1486 1302 patri

188 1318 281 1346 gcgen
299 1310 356 1337 den
374 1310 466 1338 Reim.
486 1325 525 1330 -—
545 1309 665 1337 Sehcint
682 1309 723 1335 im
742 1307 860 1337 Grunde
878 1315 934 1334 nur
954 1306 1071 1334 Divisio
1092 1305 1143 1333 des
1162 1306 1295 1341 vorigcu.

570 1457 634 1488 296.
663 1456 698 1487 In
717 1455 934 1488 'translatione
955 1464 977 1487 s.
999 1454 1102 1487 Marci.

675 1534 722 1563 Ad
741 1533 830 1570 Vesp.
852 1536 881 1563 et
898 1532 984 1563 Noct.

187 1603 217 1636 1.
245 1602 343 1634 Natos
375 1603 518 1634 recolens
543 1602 693 1641 pristinos
863 1604 896 1636 4.
923 1602 1092 1642 Postquam
1121 1602 1163 1633 ad
1188 1610 1302 1632 navem
1328 1599 1487 1640 deferunt,

244 1650 383 1682 Invictos
408 1650 492 1689 cogit,
514 1650 666 1689 nauticos,
922 1649 1130 1689 congaudent
1153 1648 1340 1688 mirabiliuS,

243 1696 303 1727 Via
324 1696 436 1728 relicta
460 1697 591 1736 proptia
920 1696 965 1728 Et
991 1699 1191 1728 transeuntes
1215 1696 1345 1728 Istriam

244 1743 383 1783 Pergunt
408 1744 447 1775 ad
474 1743 713 1776 Alexandriam.
920 1744 1050 1776 Marcus
1075 1744 1176 1776 intrat
1198 1743 1375 1776 Venetiam.

186 1802 217 1832 2.
245 1799 310 1837 Quo
333 1802 501 1839 pergentes
526 1800 731 1840 comperiunt,
863 1803 894 1835 5,
921 1802 1019 1840 Quem
1038 1801 1110 1843 dux,
1130 1801 1259 1841 praesul
1278 1803 1310 1833 et
1325 1801 1488 1842 principes

240 1847 331 1885 Quod
354 1849 463 1886 petras
486 1847 604 1878 tollunt
627 1848 766 1879 omnium
920 1847 1105 1888 Suscipiunt
1128 1849 1279 1880 alacriter

239 1893 456 1926 Ecclesiarum
478 1894 583 1933 operis
918 1895 963 1927 Et
988 1896 1176 1929 clericorum
1201 1897 1327 1936 agmina

240 1941 336 1973 Jussu
360 1940 491 1973 nefandi
514 1941 680 1981 principiS.
921 1942 998 1975 Cum
1023 1944 1173 1976 laudibus
1200 1946 1232 1975 et
1256 1944 1367 1985 gloria.

181 2001 212 2033 3.
239 1998 289 2030 1bi
316 2000 419 2031 custos
445 2007 514 2030 cum
542 1998 666 2030 clericis
863 2002 893 2033 6.
919 2000 1041 2040 Marce,
1066 2004 1161 2040 pater
1184 2001 1337 2041 piissime,

238 2045 430 2078 Verberibus
455 2048 529 2078 sunt
552 2046 665 2086 additi,
921 2048 1084 2081 Conserva
1106 2058 1163 2081 nos
1187 2051 1220 2080 et
1243 2051 1385 2090 protege,

238 2094 321 2132 Quos
346 2093 553 2134 adloquentes
578 2094 689 2126 Veneti
919 2096 967 2129 Ut
990 2097 1053 2128 tuis
1078 2095 1152 2128 fulti
1176 2097 1326 2136 precibus

239 2140 389 2173 Sanctum
413 2144 487 2173 sunt
510 2150 624 2181 corpus
649 2142 768 2182 adepti.
922 2142 1009 2175 Coeli
1023 2145 1195 2184 jungamur
1220 2145 1352 2178 civibus

519 2199 548 2230 7.
575 2197 719 2239 Praesta,
746 2201 848 2238 pater,
874 2207 933 2239 per
957 2199 1068 2243 filium,

572 2246 706 2279 Praesta
729 2255 787 2286 per
812 2247 930 2278 almum
953 2247 1111 2290 spiritum,

574 2294 621 2326 Ut
644 2301 703 2332 per
727 2294 831 2325 Marci
856 2292 1006 2333 suffragia

576 2341 751 2373 Conserves
776 2349 833 2372 nos
857 2341 892 2372 in
917 2342 1054 2374 saecula.

258 2404 339 2433 Offic.
362 2413 415 2432 ms.
438 2404 467 2432 S.
487 2405 580 2432 Marci
601 2413 675 2433 saec.
698 2404 742 2433 16.
783 2405 852 2433 Cod.
872 2406 1014 2435 Marcian.
1034 2406 1060 2434 L
1080 2407 1111 2434 ΙΙ
1130 2406 1176 2437 93«
