1651 2621
774 126 1036 163 ——103—

247 223 278 257 5.
305 219 410 258 Ether
433 224 553 256 micans
580 224 739 256 sideribus
935 227 965 259 7.
994 221 1115 266 Gaude,
1142 225 1221 258 felix
1246 225 1382 265 Amefia,

309 270 500 311 Coelumque
525 279 564 303 ex
587 271 737 304 laticibus
992 273 1085 305 Dono
1112 274 1241 306 coelesti
1266 273 1423 316 praedita,

303 318 564 359 Empyreumque
589 319 721 352 coelitus
994 320 1060 360 Quo
1085 322 1174 355 velut
1198 322 1247 354 sol
1270 322 1305 353 in
1330 321 1459 354 aethere

305 365 378 398 Jam
402 367 548 407 possidet
571 368 754 407 perennius.
992 368 1115 401 Mundo
1140 369 1188 402 sic
1212 368 1314 409 fulget
1338 368 1443 401 hodie.

270 448 277 456 .
304 420 466 463 Fragrant
491 432 583 457 sacra
608 425 762 457 solemnia
935 427 966 459 8.
991 421 1112 466 Honor,
1141 427 1237 458 decus
1263 428 1295 457 et
1316 425 1420 466 gloria

306 470 401 504 Orbis
426 472 589 512 praevasti
613 473 728 512 spatio,
995 472 1045 505 Sit
1068 475 1163 513 patri.
1190 476 1275 514 nato,
1301 472 1430 513 flamini,

305 518 451 552 Romana
475 528 599 560 quoque
626 521 759 552 ecclesia
994 520 1133 561 Virginis
1159 521 1251 560 hujus
1276 520 1391 553 merita

305 566 391 599 Miro
416 567 556 600 laetatur
575 568 701 608 gaudio.
994 567 1061 600 Nos
1086 569 1210 609 signent
1235 577 1327 600 sacro
1353 568 1475 599 lumini.

321 633 408 660 Brev.
429 641 482 660 ms.
503 634 690 661 Franciscan.
711 641 786 661 saec.
809 631 853 661 15.
895 632 963 661 Ood.
981 633 1119 661 Vatican.
1141 631 1247 661 10000.

691 765 751 796 167.
779 766 824 797 De
844 766 954 797 sancta
973 764 1123 797 Firmina.

779 851 828 882 Ad
847 852 1039 883 Nocturnum.

271 953 279 960 .
305 929 420 961 Almae
445 930 578 970 virginis
601 930 766 963 Firminae
937 933 969 964 4.
996 931 1113 962 Volens
1140 930 1293 970 virginem
1318 929 1467 969 amplecti

354 976 537 1010 Laudemus
560 979 743 1018 praeconia,
1043 978 1173 1010 Arescit
1195 978 1229 1009 in
1253 978 1410 1016 manibus,

309 1023 422 1056 Cordis
448 1025 477 1056 ei
501 1028 740 1065 praesentemus
994 1023 1184 1058 Manifestat
1207 1034 1242 1056 se
1267 1025 1409 1065 torqueri

352 1071 399 1104 Et
422 1072 487 1104 oris
510 1073 672 1113 obsequia,
1042 1073 1169 1112 Magnis
1194 1081 1264 1103 cum
1289 1072 1491 1111 clamoribus,

310 1120 357 1152 Ut
382 1119 421 1151 ab
446 1119 518 1159 ipsa
542 1123 740 1160 reportemus
995 1120 1139 1153 Tandem
1164 1120 1226 1152 sibi
1250 1119 1394 1151 misereri

355 1167 487 1207 Aequae
509 1168 616 1200 laudis
641 1168 794 1208 praemia.
1042 1168 1154 1200 Multis
1179 1169 1272 1207 rogat
1295 1167 1453 1207 precibus.

273 1249 280 1257 .
307 1221 466 1256 Praesens
493 1225 561 1256 dies
587 1226 787 1265 expendatur
937 1227 968 1258 5.
996 1225 1106 1257 Victus
1134 1224 1293 1256 Christum
1318 1223 1486 1256 confitetur

356 1271 394 1304 In
421 1273 488 1311 ejus
512 1273 728 1314 praeconium,
1042 1272 1177 1305 Relictis
1203 1271 1375 1311 erroribus,

309 1317 404 1358 Cujus
436 1319 536 1352 virtus
564 1320 716 1353 dilatatur
993 1319 1182 1360 Baptizatur
1208 1322 1237 1350 et
1265 1323 1394 1351 curatur

356 1365 392 1398 In
419 1375 474 1399 ore
494 1367 704 1408 laudantium,
1043 1366 1212 1399 Restitutis
1237 1367 1393 1406 manibus,

306 1412 340 1444 Si
365 1418 524 1453 gestorum
551 1417 698 1447 teneatur
994 1414 1137 1447 Tandem
1163 1414 1290 1448 Christo
1317 1414 1484 1454 copulatur

353 1460 444 1494 Finis
470 1464 501 1494 et
525 1462 660 1494 initium.
1043 1462 1237 1501 Gonjunctus
1261 1461 1466 1502 martyribus.

271 1542 278 1550 .
304 1518 512 1559 Olympiades
536 1520 665 1551 molitur
936 1521 968 1553 6.
995 1519 1076 1560 Regi
1101 1527 1210 1560 regum
1234 1519 1330 1559 salus,
1356 1519 1434 1558 zita,

354 1566 519 1607 Virginem
543 1567 698 1599 seducere
1042 1568 1148 1600 Decus
1173 1570 1203 1598 et
1228 1567 1407 1609 imperium,

305 1614 376 1646 Nec
399 1615 565 1654 promissis
593 1615 762 1659 emollitur,
993 1615 1146 1648 Trinitati
1169 1616 1241 1646 iaus
1267 1617 1299 1646 et
1321 1615 1422 1647 honor

353 1661 436 1694 Nam
461 1661 608 1695 firmatur
633 1663 752 1702 optime
1043 1662 1091 1695 Sit
1116 1671 1175 1702 per
1200 1671 1291 1695 omne
1316 1662 1488 1704 saeculum,

304 1710 423 1742 Dicens
433 1710 603 1751 Christum,
616 1719 874 1751 suumsponsum‚
996 1709 1054 1749 Qui
1081 1711 1227 1742 concives
1254 1718 1310 1742 nos
1336 1709 1502 1742 adscribat

352 1757 435 1790 Esse
459 1767 566 1799 regem
589 1759 720 1799 gloriae.
1043 1758 1257 1799 Supernorum
1285 1758 1411 1791 civium.

322 1823 407 1851 Brev.
428 1832 481 1851 ms.
502 1824 690 1852 Franciscan.
715 1832 791 1852 saec.
814 1822 859 1852 15.
894 1822 963 1851 Ood.
983 1823 1119 1852 vatican.
1143 1821 1248 1851 10000.
1269 1837 1309 1842 —
1327 1821 1353 1857 3,
1375 1821 1393 1850 5
1415 1823 1565 1851 Christum

244 1870 342 1890 meum
362 1870 513 1897 sponsum.

557 1992 618 2025 168.
648 1994 692 2026 De
716 2002 755 2026 ss.
777 1993 956 2032 Fortunato,
979 1992 1051 2033 sajo
1075 1992 1107 2024 et
1126 1992 1255 2025 Anthes.

464 2075 495 2110 1.
523 2076 649 2108 Sanctis
674 2076 869 2116 martyribus
893 2076 975 2116 lauS,
999 2074 1103 2107 honor
1125 2077 1156 2106 et
1183 2074 1289 2114 decus,

521 2124 581 2165 Qui
607 2124 687 2157 coeli
712 2124 848 2156 Domino
874 2124 1027 2164 sanguine
1051 2123 1183 2163 proprio

523 2172 647 2205 Sacrati
673 2180 809 2213 superae
833 2171 967 2204 militiae
992 2171 1095 2204 vicem

567 2220 693 2254 Invicta
716 2221 857 2253 retinent
881 2219 954 2253 fide.

463 2279 493 2311 2.
524 2277 694 2312 Confliotus
718 2279 842 2312 validos
865 2276 952 2311 ferre
977 2277 1124 2316 viriliter,

521 2326 665 2359 Hostiles
691 2335 808 2359 cuneos
832 2325 983 2368 frangere
1006 2324 1146 2366 fortiter,

523 2375 697 2408 Certavere
721 2375 771 2407 sui
796 2375 939 2414 corporis
965 2374 1066 2415 obice,

569 2422 618 2455 Ut
640 2425 714 2463 post
737 2421 853 2456 funera
875 2423 1032 2457 viverent.
