1651 2621
715 134 752 138 —
806 112 964 148 260—

546 237 613 268 439.
642 237 677 269 ln
695 234 916 267 Translatione
934 243 958 265 s.
979 233 1141 274 Stephani.

724 312 773 341 Ad
795 311 952 351 Vesperas.

197 398 227 431 1.
254 396 379 435 Deus,
405 398 563 427 tuorum
590 393 772 425 militum
871 392 902 424 3.
930 391 1091 423 Poenas
1154 390 1352 422 cucurrit
1408 389 1497 421 for-

258 443 361 482 Saius,
385 443 452 475 vita
475 445 505 473 et
527 442 683 479 meritum,
1266 437 1396 477 ti‘cer÷

255 491 341 523 Audi
367 498 487 532 preceS‚
511 498 586 529 quas
612 488 781 526 fundimus,
930 486 1126 526 Flagellatus
1152 486 1314 525 atrociter,

256 538 309 570 Ob
360 537 450 580 hoe,
499 536 756 578 redemptor,
929 535 1018 567 Tunc
1042 533 1143 574 patris
1167 533 1248 565 vidit
1273 531 1375 565 filium

553 591 811 623 quaesumus.
930 582 1084 621 Mai-tyr
1107 580 1180 612 Dei
1205 582 1270 620 qui
1297 581 1465 613 unicum.

200 662 232 693 2.
255 660 335 691 Hie
351 667 495 699 nempe
510 659 816 698 mundigaudia
873 659 903 690 -ἑ,
932 658 983 690 Ob
1014 657 1085 689 hoc
1109 659 1276 696 precatu
1300 657 1498 697 supplici,

259 707 374 738 Plenus
397 706 461 738 fide
484 709 515 737 et
538 706 639 746 gratia
932 705 1067 747 Christe,
1092 704 1214 736 meritis
1240 704 1395 744 Stephani

259 754 387 794 Sprevit
409 753 541 785 tendens
566 753 606 784 ad
630 761 745 791 supera
932 753 1031 784 Parce
1055 751 1147 784 nobis
1171 752 1349 792 benignius,

261 800 619 833 AeternaChristi
636 809 812 833 munera.
931 800 982 831 Te
1006 799 1265 839 deprecamur
1289 799 1451 840 largius.

484 876 514 908 5.
542 874 622 913 Sit,
650 875 838 915 Christe,
863 883 936 906 rex
961 875 1159 915 piissime

539 921 611 954 Tibi
635 923 780 962 patrique
804 922 938 954 maxime

542 969 635 1007 Laus,
662 969 763 1008 gioria
789 978 856 1001 cum
881 967 1008 1002 flamine

540 1017 570 1048 A
595 1016 699 1048 solis
725 1018 844 1048 ortus
869 1016 1054 1051 cardine.

277 1109 360 1137 Brev.
383 1108 552 1144 Capuanum
571 1109 639 1144 imp.
661 1108 779 1144 Capuae
801 1107 881 1137 1489.
902 1124 938 1129 —
960 1109 985 1142 1,
1006 1108 1023 1136 2
1044 1110 1139 1144 Salus,
1165 1111 1265 1138 detor.

554 1254 624 1286 440.
653 1256 688 1287 In
707 1256 920 1288 Translatione
941 1265 964 1288 s.
984 1257 1140 1298 Stephani.

723 1333 770 1361 Ad
788 1332 977 1363 Nocturnum.

205 1409 235 1442 1.
260 1409 398 1440 Plaudat
421 1411 535 1451 coetus,
568 1409 684 1447 psallat
708 1409 819 1450 laetus,
876 1412 907 1442 4.
934 1412 1032 1450 Quem
1056 1414 1176 1453 recepit
1203 1417 1232 1444 et
1258 1416 1399 1455 suscepit

307 1455 445 1494 Diesque
468 1455 531 1487 ista
556 1454 684 1495 fulgeat,
980 1459 1135 1500 Insignem
1161 1460 1281 1493 factum
1305 1468 1478 1503 martyrem

263 1502 330 1540 Qua
354 1503 524 1534 translatus
550 1505 596 1534 est
623 1506 760 1542 vocatus,
935 1505 1028 1537 Felix
1051 1506 1146 1539 facta«
1170 1509 1331 1541 nominata

307 1548 465 1581 Laetus
485 1549 817 1582 dieshiotrans-
979 1552 1086 1585 Urbs
1152 1555 1276 1588 beata
1343 1557 1499 1589 Hieru-

596 1605 613 1627 e
621 1606 639 1628 a
650 1600 672 1629 t.
1272 1612 1287 1634 s
1297 1604 1336 1634 al
1345 1612 1412 1637 em.

205 1673 236 1705 2.
261 1670 371 1702 Mente
394 1679 474 1709 pura
498 1673 528 1701 et
551 1679 663 1703 secura
879 1676 910 1707 5.
936 1676 1016 1707 Inde
1041 1677 1129 1709 venit
1154 1681 1185 1709 et
1208 1681 1283 1717 post
1306 1681 1397 1712 stetit

308 1717 465 1749 Imitando
496 1719 650 1762 coelestia,
983 1722 1047 1754 Diu
1073 1724 1356 1767 Constantinopoli,

260 1765 323 1796 Per
347 1773 426 1804 quae
451 1765 565 1796 dantur
590 1768 620 1796 et
646 1766 802 1799 donantur
936 1769 984 1802 De
1009 1779 1070 1810 qua
1094 1772 1173 1804 mire
1197 1771 1275 1805 feeit
1298 1774 1346 1806 ire

306 1812 492 1843 Aeterna
514 1812 636 1844 nobis
657 1815 818 1854 gaudia.
983 1817 1138 1851 Beatus
1156 1824 1499 1859 auctorsaeculi.

203 1888 236 1921 3.
263 1886 327 1918 Hie
347 1888 381 1919 in
404 1887 515 1926 poenis
539 1887 642 1920 faetus
666 1890 746 1921 ienis
878 1893 910 1924 6.
940 1893 1022 1925 Dum
1046 1896 1205 1935 transivit,
1231 1898 1284 1929 hic
1311 1898 1431 1932 dimisit

307 1934 327 1966 J
329 1943 415 1965 esum
438 1939 514 1967 tunc
538 1935 618 1966 vidit
643 1935 733 1973 facie,
981 1940 1111 1975 Dentes.
1140 1946 1242 1976 costas
1268 1949 1299 1978 et
1323 1945 1498 1988 brachium,

259 1980 376 2013 Dicens
387 1991 393 2010 :
424 1990 530 2020 parem
555 1985 642 2014 stans
666 1984 697 2014 in
723 1993 797 2018 aree
936 1992 1033 2027 Quem
1057 1999 1115 2022 uos
1140 2000 1212 2024 care
1238 1992 1288 2025 for
1309 2003 1428 2035 amare,

306 2028 491 2061 Summae
508 2029 616 2061 Deus
641 2031 818 2064 clemen-
984 2035 1174 2082 Christe,
1225 2042 1474 2083 redemptor

593 2079 605 2107 t
615 2077 625 2107 i
636 2087 655 2109 a
664 2087 690 2109 e.
1269 2098 1286 2120 o
1295 2098 1327 2121 m
1334 2099 1354 2121 n
1363 2091 1406 2123 iu
1413 2100 1456 2126 m.

508 2153 539 2184 7.
565 2151 632 2184 Fac
656 2162 712 2185 nos
737 2156 839 2187 salvos
866 2160 897 2189 et
922 2158 1068 2192 defensos

612 2201 663 2232 Ab
691 2201 742 2233 ira
764 2203 864 2236 hostis
889 2206 1007 2246 eaffidi,

566 2247 610 2279 Ut
636 2248 792 2282 conducas
818 2254 848 2282 et
869 2254 1028 2293 perducas

611 2296 675 2328 Ad
699 2306 865 2330 coenam
888 2302 985 2341 agni
1009 2304 1192 2341 providi,

273 2386 357 2415 Brev.
379 2386 548 2424 Capuanum
570 2391 639 2426 imp.
661 2390 780 2426 Capuae
801 2390 883 2421 1489.
903 2410 940 2415 —
960 2393 986 2430 3,
1008 2394 1025 2422 2
1044 2397 1157 2427 faciem.
