1651 2621
690 105 946 142 —182—

562 199 626 232 307.
657 199 700 229 De
719 207 741 230 s.
762 197 862 230 Maria
880 197 1075 237 magdalena.

173 281 202 313 1.
231 279 396 312 Coelorum
419 279 487 319 regi
509 278 647 318 psallite,

229 326 345 367 Sancti,
368 326 508 365 jucundo
533 326 679 365 carmine,

230 373 288 412 Qui
312 376 494 413 peccatores
519 382 581 404 non
606 374 709 405 cessat

230 421 419 461 Convocare,
445 428 484 451 ne
508 422 649 459 pereant.

172 479 203 510 2.
229 476 343 516 Maria,
369 485 459 508 soror
482 475 604 516 Lazari,

229 523 340 556 Multis
365 524 496 563 gravata
518 522 614 562 vitiis,

230 570 281 602 Ad
306 570 404 609 pedes
429 570 497 609 ejus
521 570 651 609 corruit,

227 616 288 649 Est
311 616 397 648 facta
419 616 618 648 miserabilis.

169 674 201 706 3.
226 672 372 705 Accessit
397 673 598 705 devotissima

225 720 350 759 Ingenti
376 727 443 750 cum
465 717 590 759 fiducia,

225 765 343 805 Magna
365 766 493 797 mittens
518 765 664 804 suspiria,

225 812 360 851 Repleta
383 811 444 842 Dei
468 812 580 850 gratia.

167 869 199 902 4.
226 867 371 900 Lavabat
393 868 491 906 pedes
516 866 654 898 lacrimis

226 914 269 946 Et
296 914 479 952 extergebat
502 913 638 954 capillis,

225 960 393 1000 Unguenta
415 959 550 991 fundens
575 960 694 999 optima

223 1007 364 1039 Plurima
390 1007 486 1038 dabat
511 1006 627 1039 oscula.

849 279 879 310 5.

904 277 993 316 Quod
1020 283 1151 307 cernens
1178 273 1285 306 Simon
1308 269 1436 302 invidus

904 322 1126 356 Murmurabat
1148 320 1298 352 interius:

905 370 1075 410 Propheta,
1104 369 1221 409 dicens,
1249 366 1276 397 si
1296 364 1389 405 foret,

905 417 1007 456 Hujus
1032 419 1104 448 acta
1129 415 1340 455 cognosceret.

905 474 968 506 Sed
993 472 1043 513 qui
1069 473 1109 504 de
1135 471 1220 502 coelo
1247 470 1376 501 venerat

905 520 1045 559 Salvare,
1072 519 1155 559 quod
1181 516 1330 557 perierat,

907 567 1073 609 Quaerere,
1103 565 1188 606 quod
1213 565 1385 601 corruerat,

903 614 1011 646 Flenti
1036 622 1070 644 se
1093 613 1198 652 ipsum
1220 612 1403 652 praeparat.

907 669 1002 709 Cujus
1027 670 1126 700 sensit
1149 667 1342 708 Magdalena

908 717 1042 756 Eloquia
1068 715 1266 748 dulcissima:

904 763 1038 795 Dimitto
1063 763 1122 794 tibi
1145 763 1258 799 omnia,

907 810 992 848 Quae
1018 810 1210 847 commisisti,
1237 808 1377 840 crimina.

906 865 959 898 Sic
985 865 1202 906 delinquentes
1227 864 1355 905 faciant,

905 912 940 944 Si
964 913 1082 945 salvari
1108 912 1300 951 desiderant,

906 960 944 992 In
969 963 1131 990 aeternum
1156 968 1197 990 ne
1218 961 1361 1000 pereant,

904 1005 968 1038 Sed
995 1006 1113 1038 Christi
1137 1014 1269 1045 regnum
1294 1006 1431 1045 capiant.

520 1064 551 1095 9.
576 1062 615 1095 In
641 1071 700 1101 quo
725 1061 855 1093 Martha
878 1062 1026 1102 sollicita,

572 1108 667 1148 Regis
698 1108 842 1140 coelestis
866 1108 1002 1148 hospita,

576 1155 652 1187 Cum
676 1164 785 1187 sorore
808 1155 953 1194 piissima

573 1201 698 1234 Gaudet
721 1211 780 1241 per
804 1205 874 1234 acta
900 1203 1033 1234 saecula.

237 1286 316 1313 Man.
346 1294 398 1314 ms.
423 1286 648 1314 Ambrosianum
682 1294 757 1314 saec.
785 1283 829 1314 13.
876 1286 943 1314 Cori.
971 1286 1156 1314 Ambrosian.
1185 1286 1216 1313 O.
1249 1283 1285 1313 23
1317 1286 1369 1313 inf<
1402 1286 1466 1313 add.

162 1332 237 1351 saec.
260 1322 303 1350 14.
324 1324 358 1351 A.
379 1338 417 1342 —
434 1324 541 1358 Hymn.
565 1332 618 1351 ms.
631 1325 842 1351 Ambrosianus
863 1332 938 1351 saec.
961 1322 1034 1352 ¹4l15.

1074 1324 1143 1352 Cod.
1157 1324 1338 1351 Trivulzian.
1359 1323 1386 1351 A
1401 1322 1465 1351 102.

162 1361 195 1388 B.
218 1375 253 1380 —-
274 1362 364 1389 Psalt.
385 1370 438 1389 ms.
459 1362 605 1389 Basilieae
621 1362 831 1390 Ambrosianae
850 1370 873 1389 s.
893 1371 923 1389 n.
944 1370 1019 1389 saec.
1039 1359 1103 1390 ¹4515
1118 1363 1149 1390 Ο,
1169 1378 1208 1382 —
1227 1363 1311 1390 Brev.
1331 1370 1386 1389 ms.
1400 1362 1467 1389 Am-

163 1399 332 1426 brosianum
352 1407 426 1427 saec.
449 1398 492 1427 15.
524 1399 593 1427 Ood.
614 1399 797 1427 Ambrosian.
817 1400 843 1426 Y
865 1397 900 1427 18
920 1408 983 1435 sup.
1003 1401 1041 1428 D.
1061 1414 1099 1418 —
1119 1399 1145 1434 5,
1167 1398 1181 1427 1
1204 1400 1299 1427 cernis
1320 1401 1352 1427 B.

557 1545 623 1577 308.
653 1547 696 1577 De
716 1554 740 1577 s.
760 1547 862 1577 Maria.
880 1547 1076 1586 Magdalena.

168 1623 199 1656 1.
224 1624 416 1662 Jucundare,
440 1623 531 1663 plebs
554 1623 669 1666 fidelis,

227 1670 400 1702 Coronatur
424 1679 496 1701 nam
519 1670 553 1701 in
579 1671 673 1702 caelis

225 1716 424 1757 Magdalena,
450 1725 528 1756 quae
552 1718 715 1756 peccatrix

223 1763 406 1802 Dicebatur,
432 1764 628 1796 advocatrix.

168 1820 198 1851 2.
224 1819 351 1852 Pudens
376 1820 496 1858 peccati
522 1820 668 1859 primitus

223 1866 358 1898 Lumine
382 1866 483 1898 sancti
508 1867 648 1909 spiritus,

223 1913 470 1945 Recumbentem
489 1917 526 1945 ut,
549 1915 672 1947 audivit

225 1960 343 2002 Jesum,
369 1961 492 1993 domum
515 1962 668 1994 introivit.

169 2018 201 2049 3.
225 2017 323 2048 Retro
348 2025 438 2049 secus
460 2018 558 2057 pedes
581 2018 697 2057 stabat,

225 2064 309 2095 Ante
335 2064 461 2103 dignum
481 2073 544 2096 non
568 2065 712 2105 putabat,

224 2110 333 2150 Unxit,
357 2111 436 2143 lavit
461 2120 566 2143 coram
589 2112 653 2144 illis

222 2157 388 2197 Lacrimis,
413 2159 507 2191 tersit
532 2159 666 2199 capilliS.

166 2214 199 2247 4.
225 2212 434 2253 Magdalenae
457 2215 505 2247 sic
530 2220 734 2255 compunctae

225 2260 437 2293 Remittuntur
461 2263 572 2304 culpae
597 2268 735 2303 cunctae,

225 2308 412 2342 Pharisaeus
436 2312 652 2354 murmuravit,

222 2355 314 2387 Hanc
336 2356 475 2390 salvator
500 2358 699 2394 confortavit.

842 1627 873 1659 5.

843 2220 874 2252 8.

900 1626 1057 1665 Optimam
1082 1629 1206 1666 partem
1232 1628 1337 1669 elegit,

900 1673 977 1705 Cum
1005 1674 1157 1713 unguenti
1182 1683 1237 1706 vas
1264 1674 1418 1716 confregit

899 1719 1046 1759 Pretiosi,
1072 1720 1246 1753 redolentis

900 1766 1002 1805 Super
1028 1770 1123 1806 caput
1149 1768 1386 1802 discumbentis.

867 1849 873 1855 .
901 1823 1098 1862 Sequebatur
1121 1825 1305 1866 patientem,

900 1870 1006 1903 Primo
1034 1871 1117 1902 vidit
1140 1877 1368 1915 resurgentem,

900 1918 1064 1956 Apostolis
1088 1917 1127 1950 fit
1148 1921 1262 1953 nuntia

900 1964 976 1997 Jesu
999 1966 1115 1998 amoris
1140 1966 1238 2002 ebria.

868 2045 875 2052 .
898 2020 944 2053 Ut
968 2023 1091 2053 coelum
1114 2023 1208 2055 Jesus
1232 2025 1323 2066 adiit,

899 2068 1049 2100 Eremum
1074 2070 1142 2102 sola
1165 2073 1269 2115 petiit,

902 2117 1096 2155 Angelorum
1119 2118 1175 2150 ubi
1200 2123 1311 2152 cantus

902 2162 1019 2195 Dulces
1036 2165 1145 2198 audit:
1168 2171 1307 2208 sanetus,
1326 2172 1466 2204 sanctus.

901 2219 1095 2260 Magdalena
1118 2222 1302 2265 migratura,

902 2267 1022 2307 Corpus
1047 2271 1153 2302 terrae
1173 2272 1341 2306 redditura

898 2315 1005 2348 Instar
1030 2316 1105 2348 solis
1130 2318 1287 2362 radiabat,

902 2362 1050 2396 Animum
1075 2373 1146 2398 cum
1171 2368 1351 2403 exhalabat.
