1651 2621
700 126 957 163 ——104—

392 225 422 256 3.
447 224 485 256 In
510 223 593 263 regis
618 223 714 263 positi
737 233 822 256 nunc
846 224 1025 255 diademate

452 270 622 303 Stellarum
646 270 751 311 potius
775 272 892 303 lumine
916 270 1105 313 praenitent,

450 318 610 350 Donativa
633 319 698 350 suis
723 319 875 350 militibus
902 319 991 350 dedit

500 364 641 398 Christus
665 365 749 398 filius
773 366 853 398 haec
875 365 948 399 Dei.

394 433 426 463 4.
452 431 503 463 Ex
528 440 659 471 quorum
682 441 813 464 numero
837 434 920 471 sunt,
947 432 1059 472 quibus
1085 432 1203 471 optime

453 478 580 510 Gaudet
602 479 693 519 plebs
718 479 813 511 hodie
839 479 961 511 cantica
986 486 1131 518 promere

450 525 570 557 Laudis
595 530 704 558 nostra
727 527 809 567 piae,
835 528 924 559 tanta
949 527 1036 558 velut
1061 526 1152 558 decet,

497 572 600 612 Hujus
623 573 744 605 lumina
766 574 901 613 patriae.

392 640 422 672 5.
447 638 633 680 Fortunate,
660 640 722 671 tuis
743 641 832 670 utere
856 639 1020 679 prosperis

451 685 558 717 Rebus
584 694 652 717 cum
677 686 809 725 meritis,
835 686 884 717 cui
909 689 984 718 nota
1004 685 1139 718 nominis

452 732 632 764 Concor-dat
654 732 774 772 pariter
798 741 918 772 nosque
940 735 997 764 tua
1019 741 1116 771 prece

496 780 547 811 Da
572 780 709 819 gaudere
732 780 924 818 perenniter.

394 846 424 878 6.
450 845 494 877 Et
518 849 563 884 tn,
588 844 678 884 GaJ'e,
701 844 792 876 bonis
817 845 957 877 moribus
984 854 1087 877 annue

448 891 548 923 Nobis
573 892 700 924 assidue
725 893 823 924 corda
846 893 1028 930 retundere,

448 938 500 977 Et,
531 939 614 977 quod
639 947 723 970 nunc
746 940 891 981 petimus,
918 948 1042 971 sumere
1066 942 1187 984 postea,

495 985 562 1017 Nos
588 984 724 1017 feliciter
748 987 874 1027 adjuva.

392 1053 421 1083 7.
448 1050 581 1090 Anthes,
607 1054 762 1093 perpetuo
788 1052 905 1083 lumine
929 1052 1109 1093 splendide,

448 1098 509 1129 His
535 1100 565 1129 et
589 1108 649 1137 par
672 1099 785 1130 merito
807 1100 881 1138 jure
904 1108 964 1130 nec
990 1099 1107 1138 ultime,

448 1145 648 1177 Communem
674 1144 853 1189 Dominum,
879 1144 941 1186 fac,
967 1146 1083 1178 totiens
1108 1155 1200 1187 roges

493 1194 556 1225 Pro
580 1192 681 1233 nobis,
708 1194 852 1232 quotiens
876 1196 977 1233 potes,

391 1260 421 1292 8.
447 1259 534 1291 Haec
558 1258 659 1299 nobis,
687 1258 798 1301 deitas,
825 1269 892 1299 reX,
916 1262 972 1291 tua
997 1258 1149 1299 conferat,

448 1305 634 1337 Discordem
661 1307 798 1338 numeris
825 1307 1000 1346 congeriem
1026 1307 1137 1347 ligans,

447 1352 493 1384 Ut
516 1355 619 1383 tecum
643 1352 752 1385 stabili
775 1363 855 1393 pace
878 1362 937 1393 per
962 1354 1066 1386 omnia

494 1400 645 1431 Vivamus
667 1399 728 1431 tibi
751 1402 890 1433 saecula.

253 1483 321 1510 Cod.
339 1482 473 1511 Caninen.
493 1480 558 1511 2:50.
579 1491 653 1510 saec.
670 1480 714 1510 11.
728 1483 762 1509 A.
776 1498 813 1502 —
831 1485 915 1511 Brev.
930 1493 983 1511 ms.
999 1484 1217 1512 salt-imitanum
1236 1492 1312 1512 saec.
1329 1483 1373 1513 15.
1407 1484 1477 1512 Cod.

176 1520 268 1555 Capit.
290 1520 425 1548 Salerm't.
446 1529 468 1547 s.
489 1530 517 1548 n.
537 1521 570 1547 B.
594 1535 633 1539 —
661 1520 690 1554 1,
716 1518 734 1548 3
755 1520 893 1549 Sacratae
912 1522 951 1548 B:
978 1523 1043 1549 vice
1065 1523 1097 1549 B.
1119 1537 1155 1541 —
1177 1521 1206 1555 1,
1230 1520 1250 1549 4
1268 1523 1414 1550 Invictam
1433 1532 1478 1550 re-

173 1559 267 1585 tinent
285 1557 371 1586 fidem
392 1558 422 1585 B.
443 1574 480 1577 —
500 1557 531 1591 2,
559 1556 577 1585 3
596 1560 742 1593 pei-nitent
760 1559 794 1587 B.
813 1575 852 1579 —-
873 1558 903 1594 6,
932 1552 949 1586 1‘
967 1562 1000 1587 tu
1022 1558 1093 1587 Cnie
1112 1560 1146 1587 A.
1167 1575 1204 1580 ——
1224 1557 1251 1595 8,
1271 1557 1289 1587 3
1310 1569 1417 1588 secum.
1439 1576 1477 1580 —

175 1596 292 1623 vei-fasc
306 1605 336 1623 ειη
358 1595 550 1631 Alphanus
571 1594 840 1624 Salernitanus.

489 1751 549 1783 169.
579 1753 623 1783 De
643 1761 682 1785 ss.
703 1753 883 1792 Fortunato,
906 1754 978 1794 Gaj0
1001 1755 1033 1786 et
1051 1755 1162 1787 Anthe.

175 1836 206 1868 1.
233 1833 336 1875 Salve,
366 1832 433 1864 dies
457 1832 615 1864 tutoribus
854 1835 885 1866 4.
913 1834 1049 1867 Obsessa
1075 1835 1143 1867 dire
1167 1836 1274 1876 patria

231 1880 357 1912 Nostris
384 1880 498 1918 dicata,
523 1879 673 1911 laudibus
911 1881 955 1913 Et
979 1890 1060 1921 pene
1083 1884 1179 1915 morti
1203 1884 1324 1916 tradita

233 1928 369 1967 Insignis
401 1929 432 1958 et
456 1927 625 1959 virtutibus
911 1929 1033 1961 Mansit
1057 1933 1189 1970 repente
1212 1931 1316 1963 libera

232 1975 367 2007 Summis
394 1975 509 2006 decora
530 1977 715 2014 martyrum.
911 1975 1032 2008 Horum
1060 1978 1188 2016 quidem
1212 1978 1357 2011 victoria.

173 2044 205 2076 2.
231 2042 289 2080 Qui
314 2041 374 2072 rite
398 2039 625 2080 temporalibus
854 2043 885 2075 5.
912 2041 1030 2075 Secura
1048 2043 1115 2082 J'am
1141 2045 1322 2077 concivibus

229 2090 314 2121 Dum
338 2087 531 2128 sempiterna
554 2085 749 2127 praeferunt,
912 2088 1047 2129 Sanctis,
1075 2090 1216 2131 Salerne‚
1243 2092 1367 2124 dulcius

228 2135 390 2168 Macronis
414 2135 481 2166 ictu
506 2134 627 2166 concite
911 2136 1033 2169 Praebe
1057 2138 1120 2168 tuis
1145 2138 1318 2171 victoribus

232 2183 350 2215 Christi
374 2182 550 2221 probantur
574 2182 701 2214 milites.
910 2183 1030 2216 Laudis
1055 2193 1156 2217 novae
1179 2187 1395 2227 praeconium.

171 2253 202 2284 3,
229 2249 310 2281 Sunt
326 2248 415 2287 mira,
443 2258 522 2288 quae
539 2250 612 2287 post
627 2248 794 2280 transitum
854 2249 885 2282 6.
910 2249 955 2280 Hi
979 2252 1062 2289 sunt,
1088 2251 1200 2290 quibus
1225 2253 1412 2292 saepissime

229 2297 289 2329 His
319 2296 487 2336 contigisse
512 2296 661 2339 creditur,
913 2296 960 2328 Te
981 2298 1135 2337 gratulari
1160 2300 1323 2341 condecet,

227 2345 312 2376 Aves
338 2352 444 2376 eorum
471 2352 604 2384 corpora
911 2343 1048 2382 Quorum
1071 2347 1194 2385 putaris
1217 2357 1347 2381 munere

230 2390 460 2426 Custodiebant
483 2391 664 2432 splendida.
908 2392 1000 2425 Metu
1023 2401 1169 2433 represso
1194 2396 1313 2430 vivere.
