1651 2621
711 87 944 123 ,ὃὸ-

178 185 208 217 3.
236 185 320 218 Hinc
346 185 416 216 dum
445 184 602 217 Christum
627 184 796 229 lucrifacit,

283 233 351 272 ejus
377 231 464 272 capit
487 231 609 271 gratiae

237 278 375 322 eulmen,
401 277 639 312 indefectuosac

284 335 380 358 curae
403 334 501 366 penes
525 334 690 370 pauperes,

237 374 319 413 Quos
347 373 503 405 demulcet
529 373 614 406 dulci
640 375 736 406 corde

282 430 371 453 sacro
398 422 494 452 ducta
516 420 651 453 flamine.

179 490 212 519 4.
238 487 298 519 His
322 488 444 519 intenta
469 487 557 527 virgo
582 488 722 527 prudens

284 534 395 575 vigilat
420 535 581 572 attentius,

236 582 341 621 Ipsius
365 590 405 613 ne
429 582 632 622 margaritam

283 638 356 662 caro
381 637 497 661 nocens
522 629 654 669 polluat,

235 677 331 716 Quam
357 685 486 709 servare
510 678 587 710 Jesu
613 676 737 709 Christo

282 724 372 755 novit
395 725 464 756 sine
486 724 620 755 macula.

201 815 208 822 .
233 790 336 821 Annis
361 792 466 821 tamen
491 789 642 821 revolutis

282 839 405 876 tompus
430 836 522 868 adest
548 837 689 876 copulae,

237 882 337 914 Nubit
362 883 460 923 virgo,
487 882 579 914 nubit
602 892 717 922 sponso

272 930 360 968 coeli,
387 933 492 961 terrae
516 930 661 969 provido,

232 976 322 1008 Hora
346 974 432 1008 facta
455 977 636 1015 nuptiarum

281 1026 351 1055 orat
377 1023 495 1056 Christi
520 1022 647 1057 famula,

176 790 195 821 cxx

855 187 885 218 6.
912 184 988 217 Rite
1010 185 1093 217 sicut
1116 188 1162 217 est
1188 185 1309 223 adepta

962 232 1133 273 Christum,
1158 234 1206 265 sic
1231 229 1395 264 Valerium

913 278 1070 319 Sponsum
1095 280 1220 314 Christo
1242 274 1413 313 lucrifacit,

960 328 1054 359 simul
1076 331 1111 360 ut
1136 325 1319 360 coelestium

913 375 1097 407 Mereantur
1122 373 1191 406 fore
1214 373 1290 405 laeti

959 430 1055 462 super
1080 423 1192 454 choros
1215 420 1383 460 agminum.

879 513 887 521 .
912 488 959 521 Te
982 496 1159 528 precamur,
1188 487 1266 519 Jesu
1292 484 1425 519 Christe,

961 535 1082 567 meritis
1108 532 1273 569 Caeciliae,

912 582 957 615 Ut
983 582 1106 615 devicto
1133 578 1236 612 carnis
1261 579 1328 609 luto

962 632 1104 661 sanctum
1130 636 1190 667 per
1211 624 1403 667 paraciitum

913 677 1096 709 Mereamur
1120 674 1236 706 sociari

962 724 1030 768 tibi,
1059 724 1154 755 decus
1178 721 1346 761 virginum.

880 814 886 820 .
916 788 1026 822 Gloria
1051 790 1094 820 sit
1117 796 1238 820 summo
1262 787 1349 827 patri

962 837 1030 868 sine
1054 836 1145 876 regni
1170 835 1314 876 termino,

912 882 992 922 Ejus
1018 886 1092 915 nato
1119 882 1244 914 Christo
1269 890 1402 922 quoque,

962 930 1055 961 simul
1080 939 1118 961 ac
1141 929 1308 968 paraclito,

914 977 973 1014 Qui
997 977 1084 1009 Deus
1107 977 1209 1008 trinus
1236 978 1266 1007 et
1290 985 1371 1007 unus

960 1026 1073 1063 regnat,
1096 1026 1170 1055 ante
1194 1024 1332 1055 saecula.

251 1107 336 1135 Brev.
358 1115 412 1133 ms.
434 1106 575 1134 (lomense
596 1107 666 1134 anni
687 1104 770 1134 1420.
811 1106 881 1134 Cod.
899 1107 990 1134 Univ.
1011 1107 1173 1134 Bononien.
1191 1106 1314 1134 Mezzof.
1335 1104 1400 1134 339.

601 1254 662 1286 106.
695 1255 740 1286 De
760 1254 868 1285 sancto
892 1253 1049 1293 calogero.

713 1330 761 1361 Ad
781 1330 936 1368 Vesperas.

185 1399 217 1431 1.
243 1400 364 1438 Pande,
391 1401 502 1439 virtus,
528 1399 667 1439 gloriosa

285 1443 481 1477 Confessoris
505 1447 628 1486 merita,

237 1493 348 1524 Pande
371 1493 466 1524 laude
492 1493 636 1532 speciosa

284 1540 370 1571 Mira
393 1541 476 1571 senis·
501 1540 620 1583 inclita,

239 1586 338 1625 CuJ'uz
362 1587 428 1618 vita
451 1587 607 1619 luminosa

285 1633 393 1665 Minus
418 1634 516 1665 sensit
540 1633 670 1666 foetida.

180 1701 211 1731 2.
238 1700 363 1732 Novum
387 1708 514 1740 germen
539 1699 613 1731 vitis
638 1708 732 1732 verae

284 1746 420 1779 Florens
445 1747 526 1778 sicut
550 1747 663 1786 lilium,

241 1794 362 1827 Gerous
387 1798 516 1833 pectore
541 1794 683 1827 sincerae

283 1841 379 1874 Fidei
403 1842 598 1883 mysterium,

239 1889 352 1922 Studet
377 1897 503 1929 sempor
529 1889 672 1923 edocere,

283 1937 381 1976 Quem
406 1937 519 1969 dilexit
543 1937 685 1969 nimium.

862 1401 892 1432 3.
920 1399 1203 1439 Spernitmundum
1212 1399 1231 1432 J
1235 1409 1321 1432 esum
1327 1410 1483 1441 quaerens

964 1447 1043 1486 Ejus
1069 1447 1108 1480 ab
1133 1446 1279 1486 infantia,

916 1494 1049 1534 Linquit
1064 1498 1189 1533 patrem
1201 1495 1333 1528 Romam
1348 1504 1483 1536 pergens

965 1541 1072 1581 Papae
1095 1550 1154 1581 pro
1179 1542 1304 1582 notitia,

920 1589 1014 1621 caste
1035 1591 1146 1620 votum
1168 1589 1222 1620 hic
1246 1590 1392 1621 emittens

963 1635 1025 1666 Dei
1048 1636 1161 1674 plenus
1186 1637 1299 1676 gratia.

858 1702 891 1733 4.
920 1700 1018 1733 Curat
1041 1701 1179 1743 morbos,
1208 1700 1299 1741 fugat
1321 1705 1445 1743 pestem

964 1747 1117 1779 Firmiter
1139 1749 1353 1790 credentibus,

916 1794 1110 1827 Medicinam
1138 1795 1216 1827 dans
1243 1798 1410 1830 coelestem

965 1841 1092 1874 Cunctis
1117 1841 1361 1886 infirmantibus,

919 1890 1084 1922 Inimicum
1110 1890 1203 1929 pellit
1228 1891 1351 1925 hostem

964 1938 1072 1970 Jesum
1100 1938 1357 1976 deprecantibus

553 2006 583 2037 5.
612 2004 686 2045 Uni,
712 2004 806 2043 trino,
834 2012 908 2035 vero
934 2003 1011 2042 Deo,

658 2050 708 2082 Sit
722 2051 802 2083 laus·
828 2051 939 2092 honor,
965 2050 1078 2091 gloria,

612 2098 678 2137 Quo
703 2106 800 2130 senex
824 2097 917 2130 fortis
941 2101 978 2129 ut
1001 2099 1050 2130 leo

657 2145 786 2177 Devicit
811 2145 985 2184 daemonia,

614 2194 661 2227 Ut
684 2202 741 2225 nos
765 2195 879 2234 purget
904 2193 989 2225 omni
1013 2202 1079 2233 τοο,

657 2240 800 2280 Praesta,
826 2249 893 2280 rex,
918 2241 1094 2273 clementia.

251 2325 336 2352 Brev.
358 2324 656 2353 Gallicano-Siculum
682 2326 751 2361 imp.
773 2325 904 2353 Venetiis
927 2322 1009 2353 1527.
1030 2341 1067 2346 ——
1095 2323 1122 2359 3,
1143 2326 1161 2353 3
1180 2329 1284 2364 pergit.
1305 2343 1342 2349 —-
1367 2328 1394 2366 5,
1415 2330 1433 2358 2
1454 2334 1485 2358 et

176 2363 279 2398 gloria¹
299 2377 337 2381 —
357 2361 383 2396 5,
404 2360 421 2389 5
442 2364 479 2390 ab
501 2364 579 2390 omni
599 2372 657 2391 reo.
