1651 2621
720 95 981 131 —217—

653 215 717 248 367.
746 217 791 249 De
813 219 924 249 saneta
941 217 1050 249 Paula.

693 294 742 325 Ad
762 295 850 333 Vesp.
875 298 904 325 et
918 294 1005 325 Noct.

193 374 226 406 1.
251 374 393 405 Aeterno
418 373 486 414 regi
511 373 634 414 gloriae

254 420 410 453 canamus
436 421 543 460 corde,
569 422 710 463 vocibus,

252 468 321 508 Quo
347 468 447 501 Paula
473 469 608 502 tendens
634 469 729 502 hodie

250 515 362 549 Laetis
387 518 506 557 gaudet
530 517 747 557 adspectibus.

193 585 225 617 2.
252 584 290 616 In
314 584 432 615 mundo
458 585 561 616 solum
587 592 721 624 corpore

254 630 348 663 Stans
372 632 474 664 Paula
497 634 565 663 tota
591 633 718 675 coelica,

255 679 390 711 Carnem
415 680 540 718 spernit
561 688 621 718 pro
647 683 798 720 stercore,

880 376 912 408 4.
937 374 1119 407 Instructae
1142 382 1201 413 per
1225 374 1430 412 Jeronymum

938 422 1101 461 Utraeque
1126 423 1254 453 sumunt
1276 420 1369 460 filias,

937 469 1057 509 Quibus
1079 468 1259 510 stringendi
1282 467 1450 500 Dominum

938 518 1015 549 Vias
1042 516 1261 549 demonstrant
1284 515 1421 557 pervias,

904 609 913 616 .
939 582 1003 615 Sub
1027 584 1102 624 jugo
1127 582 1245 615 Christi
1269 582 1391 614 nobiles

941 630 1030 664 Colla
1050 630 1207 671 praebent
1231 630 1388 671 alacriter,

941 678 1074 710 Carnem
1100 678 1225 710 calcant
1247 677 1432 719 immobiles,

253 726 374 769 Mente,
401 726 469 759 vita
494 725 618 759 deifica.
938 725 1054 758 Fidem
1082 728 1245 758 servantes
1269 724 1408 757 fortiter.

195 794 226 826 3.
253 792 387 834 Monile,
416 792 506 825 sidus
531 792 653 834 gratiae
882 794 912 826 6.
939 793 1003 825 Per
1024 793 1083 825 has
1108 801 1176 832 nos,
1201 792 1299 832 Deus,
1325 794 1457 832 protege

254 839 344 872 Parit
367 840 447 872 haec
470 840 691 881 Eustochium,
940 841 1015 873 Jam
1039 840 1224 872 emundatos
1250 839 1335 871 vitiis

254 887 322 926 Qua
345 890 449 920 matre
474 888 679 920 castimoniae
941 887 1104 928 Rectoque
1130 887 1210 919 calle
1236 887 1338 927 dirige

255 935 442 976 Praefulget
465 935 709 968 xenodochium.
941 934 1077 966 Semotis
1101 935 1310 975 praecipitiis.

270 1020 357 1047 Brev.
383 1028 436 1048 ms.
456 1021 645 1048 Tarvisinum
670 1027 746 1047 saec.
770 1017 813 1047 15.
854 1018 923 1047 God.
947 1018 1042 1055 Capit.
1062 1019 1175 1046 Tarvis.
1203 1019 1220 1046 1
1247 1016 1290 1046 16.
1310 1018 1345 1045 A.
1370 1032 1409 1037 -—
1428 1016 1509 1046 offic.

197 1066 250 1084 ms.
277 1065 353 1085 saec.
375 1056 420 1086 16.
462 1058 530 1085 Cod.
552 1054 697 1085 Marcian-
723 1059 750 1085 L
774 1057 822 1085 m
842 1054 907 1086 136.
929 1057 964 1084 Β.
993 1070 1031 1076 —
1053 1054 1084 1090 3.
1114 1056 1129 1084 1
1149 1057 1274 1084 Monille
1292 1057 1351 1084 AB.
1373 1070 1411 1075 -—
1435 1054 1463 1089 Β,
1492 1053 1511 1082 2

194 1096 269 1123 fehlt
287 1096 353 1123 eine
373 1095 456 1124 Silbe
468 1096 536 1132 AB3
556 1095 630 1123 haec
650 1096 778 1132 erganzt.
799 1110 836 1115 -—
855 1094 882 1129 4,
903 1093 921 1123 3
935 1095 1056 1123 Domini
1076 1096 1110 1122 A.
1132 1109 1167 1114 —
1189 1093 1214 1130 6,
1238 1094 1252 1122 1
1266 1095 1323 1123 Pro
1343 1095 1398 1122 has
1418 1094 1452 1121 A.
1473 1108 1508 1112 —

197 1133 225 1168 6,
247 1131 264 1160 2
286 1134 442 1162 emundato
462 1136 497 1162 A.

656 1264 721 1296 368.
751 1264 794 1295 De
814 1264 926 1295 sancta
946 1263 1054 1295 Paula.

760 1342 809 1372 Ad
828 1342 956 1372 Laudes.

198 1422 230 1456 1.
256 1421 336 1454 Post
355 1422 468 1453 mundi
490 1422 677 1454 transitoria

257 1470 378 1502 Paulae
405 1471 563 1502 donantur
587 1470 712 1510 gaudia,

258 1517 322 1549 Pro
349 1518 536 1550 daemonum
560 1517 697 1549 victoria

255 1564 406 1597 Polorum
435 1565 551 1597 dantur
574 1565 696 1597 bravia.

884 1423 917 1455 4.
941 1420 993 1452 De
1016 1420 1118 1460 spinis
1142 1418 1336 1451 matrimonii

943 1468 1062 1500 Rosam
1086 1467 1163 1508 legit
1186 1464 1374 1507 gratificam,

944 1515 1028 1547 Dum
1053 1518 1155 1547 mater
1178 1513 1346 1547 Eustochii

943 1564 1036 1595 Parit
1057 1564 1161 1603 ipsam
1185 1560 1353 1594 vivificam.

201 1635 232 1667 2.
259 1632 344 1664 Nam
368 1631 470 1665 Paula
493 1631 591 1672 plena
613 1632 765 1672 lampade
887 1632 917 1663 5.
944 1630 1017 1662 Non
1041 1630 1147 1669 impar
1170 1629 1267 1661 matri
1290 1627 1424 1660 meritis.

254 1679 410 1713 Pervenit
433 1680 545 1719 sponsi
568 1680 707 1721 nuptias,
944 1678 1137 1719 Virginitate
1167 1676 1327 1715 differens,

256 1730 330 1762 Jam
356 1727 554 1760 circumdata
580 1727 713 1767 cyclade
945 1726 1031 1765 Quae
1055 1725 1222 1765 Jeronymi
1244 1724 1371 1756 monitis

258 1775 372 1807 Nullas
397 1776 491 1807 timet
513 1775 658 1807 insidias.
944 1773 1001 1806 Fit
1023 1775 1093 1806 Deo
1120 1773 1237 1805 collum
1262 1770 1439 1805 conferens.

198 1845 231 1877 3.
257 1843 348 1875 Haec
371 1840 511 1874 fructum
536 1842 765 1882 sexagesimum
888 1840 919 1873 6.
947 1840 1059 1873 Olivae
1083 1839 1179 1871 binae
1202 1839 1374 1882 simplices,

258 1889 410 1930 Percepit
433 1889 551 1921 mundo
577 1889 683 1929 vidua,
946 1887 1036 1919 Totis
1061 1896 1208 1927 rogamus
1233 1887 1392 1928 precibus,

258 1937 324 1971 Sed
354 1938 441 1971 coelo
465 1945 551 1969 nunc
575 1938 781 1968 centesimum

256 1986 326 2018 Deo
352 1989 440 2018 tenet
465 1985 604 2017 assidua.

946 1934 1077 1966 Salvate
1100 1937 1227 1967 nostros
1253 1934 1422 1975 complices

946 1983 1100 2023 Expulsis
1124 1982 1200 2014 hinc
1223 1981 1407 2014 sceleribus.

547 2054 576 2085 7.
603 2052 676 2084 Hoc
704 2050 795 2083 nobis
822 2051 965 2091 praestet
988 2049 1114 2081 trinitas

601 2100 665 2132 Per
688 2100 756 2140 has,
783 2106 860 2138 quas
885 2097 939 2138 pie
964 2096 1105 2135 colimus,

606 2149 669 2181 Per
694 2155 772 2187 quas
797 2146 840 2178 sit
862 2144 1096 2183 immortalitas,

603 2197 703 2236 Quam
730 2194 801 2227 dari
825 2193 945 2226 sanctis
970 2193 1139 2226 credimus

277 2286 365 2314 Brev.
392 2294 445 2313 ms.
467 2284 657 2311 Tarvisinum
686 2288 761 2309 saec.
785 2277 829 2307 15.
873 2278 942 2307 God.
965 2277 1059 2314 Capit.
1078 2277 1194 2306 Tarvis.
1220 2276 1237 2304 Ι
1259 2274 1301 2304 16.
1322 2277 1356 2305 A.
1377 2293 1416 2297 —-
1438 2276 1519 2306 Offie.

197 2335 253 2354 ms.
280 2332 357 2352 saec.
380 2322 425 2352 16.
466 2321 537 2351 Coti.
556 2321 700 2350 Mai-eiam.
725 2319 752 2347 L
777 2318 826 2346 111
851 2315 916 2346 136.
936 2317 970 2345 B.
994 2330 1031 2335 —-
1052 2316 1078 2343 A
1101 2315 1154 2343 hat
1179 2324 1235 2343 nur
1255 2315 1381 2352 Strophe
1407 2314 1438 2352 13
1467 2315 1519 2343 das

197 2365 330 2393 Weitere
353 2362 436 2391 fehlt.
464 2376 500 2380 —
527 2359 558 2395 2,
586 2359 606 2388 4
631 2359 772 2387 indutias.
799 2370 837 2376 —·
861 2354 894 2391 5,
922 2353 942 2383 4
965 2355 1023 2383 Dei
1048 2354 1170 2390 cellum3
1200 2354 1255 2382 lies
1283 2354 1436 2383 vielleicht
1457 2354 1519 2383 Dec·

200 2402 329 2431 cellam?
