<?xml version="1.0" encoding="UTF-8"?>
<!DOCTYPE html PUBLIC "-//W3C//DTD XHTML 1.0 Transitional//EN"
    "http://www.w3.org/TR/xhtml1/DTD/xhtml1-transitional.dtd">
<html xmlns="http://www.w3.org/1999/xhtml" xml:lang="en" lang="en">
 <head>
  <title>
</title>
<meta http-equiv="Content-Type" content="text/html;charset=utf-8" />
  <meta name='ocr-system' content='tesseract 3.04.00' />
  <meta name='ocr-capabilities' content='ocr_page ocr_carea ocr_par ocr_line ocrx_word'/>
</head>
<body>
  <div class='ocr_page' id='page_1' title='image "./analectahymnica22drevuoft_00164.png"; bbox 0 0 1651 2621; ppageno 0'>
   <div class='ocr_carea' id='block_1_1' title="bbox 715 130 976 166">
    <p class='ocr_par' dir='ltr' id='par_1_1' title="bbox 715 130 976 166">
     <span class='ocr_line' id='line_1_1' title="bbox 715 130 976 166; baseline -0.004 0"><span class='ocrx_word' id='word_1_1' title='bbox 715 130 976 166; x_wconf 86' lang='lat'>—161—</span> 
     </span>
    </p>
   </div>
   <div class='ocr_carea' id='block_1_2' title="bbox 482 226 1194 403">
    <p class='ocr_par' dir='ltr' id='par_1_2' title="bbox 482 226 1194 364">
     <span class='ocr_line' id='line_1_2' title="bbox 482 226 1115 269; baseline 0.002 -10"><span class='ocrx_word' id='word_1_2' title='bbox 482 227 514 260; x_wconf 85' lang='lat'>3.</span> <span class='ocrx_word' id='word_1_3' title='bbox 539 226 675 259; x_wconf 83' lang='lat' dir='ltr'>Praesul</span> <span class='ocrx_word' id='word_1_4' title='bbox 701 227 830 269; x_wconf 80' lang='lat' dir='ltr'>electus,</span> <span class='ocrx_word' id='word_1_5' title='bbox 856 228 977 267; x_wconf 82' lang='lat' dir='ltr'>pietate</span> <span class='ocrx_word' id='word_1_6' title='bbox 1002 228 1115 269; x_wconf 83' lang='lat' dir='ltr'>clarus,</span> 
     </span>
     <span class='ocr_line' id='line_1_3' title="bbox 541 273 1102 316; baseline 0.002 -11"><span class='ocrx_word' id='word_1_7' title='bbox 541 273 680 314; x_wconf 83' lang='lat' dir='ltr'>Legibus</span> <span class='ocrx_word' id='word_1_8' title='bbox 705 274 806 307; x_wconf 81' lang='lat' dir='ltr'>saeris</span> <span class='ocrx_word' id='word_1_9' title='bbox 831 275 947 315; x_wconf 79' lang='lat' dir='ltr'>cupide</span> <span class='ocrx_word' id='word_1_10' title='bbox 966 276 1102 316; x_wconf 76' lang='lat' dir='ltr'>vaeavit,</span> 
     </span>
     <span class='ocr_line' id='line_1_4' title="bbox 544 321 1194 364; baseline -0.002 -10"><span class='ocrx_word' id='word_1_11' title='bbox 544 321 650 354; x_wconf 87' lang='lat' dir='ltr'>Verbo</span> <span class='ocrx_word' id='word_1_12' title='bbox 676 325 708 354; x_wconf 86' lang='lat' dir='ltr'>ot</span> <span class='ocrx_word' id='word_1_13' title='bbox 732 323 876 364; x_wconf 85' lang='lat' dir='ltr'>exemplo</span> <span class='ocrx_word' id='word_1_14' title='bbox 901 323 1052 364; x_wconf 87' lang='lat' dir='ltr'>populum</span> <span class='ocrx_word' id='word_1_15' title='bbox 1077 321 1194 356; x_wconf 77' lang='lat' dir='ltr'>refovit</span> 
     </span>
    </p>

    <p class='ocr_par' dir='ltr' id='par_1_3' title="bbox 587 369 891 403">
     <span class='ocr_line' id='line_1_5' title="bbox 587 369 891 403; baseline 0.01 -3"><span class='ocrx_word' id='word_1_16' title='bbox 587 369 678 401; x_wconf 86' lang='lat' dir='ltr'>Mitis</span> <span class='ocrx_word' id='word_1_17' title='bbox 703 370 746 402; x_wconf 87' lang='lat' dir='ltr'>ad</span> <span class='ocrx_word' id='word_1_18' title='bbox 768 379 891 403; x_wconf 80' lang='lat' dir='ltr'>omnes,</span> 
     </span>
    </p>
   </div>
   <div class='ocr_carea' id='block_1_3' title="bbox 481 436 1187 620">
    <p class='ocr_par' dir='ltr' id='par_1_4' title="bbox 481 436 1187 572">
     <span class='ocr_line' id='line_1_6' title="bbox 481 436 1181 481; baseline 0.001 -13"><span class='ocrx_word' id='word_1_19' title='bbox 481 436 514 468; x_wconf 92' lang='lat'>4.</span> <span class='ocrx_word' id='word_1_20' title='bbox 539 436 603 469; x_wconf 85' lang='lat' dir='ltr'>Hie</span> <span class='ocrx_word' id='word_1_21' title='bbox 628 445 753 477; x_wconf 85' lang='lat' dir='ltr'>magum</span> <span class='ocrx_word' id='word_1_22' title='bbox 779 437 857 470; x_wconf 80' lang='lat' dir='ltr'>vicit</span> <span class='ocrx_word' id='word_1_23' title='bbox 880 438 999 478; x_wconf 85' lang='lat' dir='ltr'>populo</span> <span class='ocrx_word' id='word_1_24' title='bbox 1024 439 1181 481; x_wconf 80' lang='lat' dir='ltr'>stupente,</span> 
     </span>
     <span class='ocr_line' id='line_1_7' title="bbox 540 484 1187 526; baseline -0.002 -9"><span class='ocrx_word' id='word_1_25' title='bbox 540 484 619 517; x_wconf 82' lang='lat' dir='ltr'>Cum</span> <span class='ocrx_word' id='word_1_26' title='bbox 645 484 748 516; x_wconf 73' lang='lat' dir='ltr'>erucis</span> <span class='ocrx_word' id='word_1_27' title='bbox 772 484 863 525; x_wconf 80' lang='lat' dir='ltr'>signo</span> <span class='ocrx_word' id='word_1_28' title='bbox 886 485 1057 517; x_wconf 74' lang='lat' dir='ltr'>simulacra</span> <span class='ocrx_word' id='word_1_29' title='bbox 1080 485 1187 526; x_wconf 77' lang='lat' dir='ltr'>vertit,</span> 
     </span>
     <span class='ocr_line' id='line_1_8' title="bbox 540 531 1172 572; baseline 0 -9"><span class='ocrx_word' id='word_1_30' title='bbox 540 531 628 570; x_wconf 84' lang='lat' dir='ltr'>Quae</span> <span class='ocrx_word' id='word_1_31' title='bbox 651 532 740 572; x_wconf 85' lang='lat' dir='ltr'>prius</span> <span class='ocrx_word' id='word_1_32' title='bbox 765 540 856 564; x_wconf 85' lang='lat' dir='ltr'>nemo</span> <span class='ocrx_word' id='word_1_33' title='bbox 881 533 985 572; x_wconf 83' lang='lat' dir='ltr'>potuit.</span> <span class='ocrx_word' id='word_1_34' title='bbox 1009 541 1172 565; x_wconf 78' lang='lat' dir='ltr'>sacrorum</span> 
     </span>
    </p>

    <p class='ocr_par' dir='ltr' id='par_1_5' title="bbox 586 579 913 620">
     <span class='ocr_line' id='line_1_9' title="bbox 586 579 913 620; baseline 0.006 -9"><span class='ocrx_word' id='word_1_35' title='bbox 586 579 751 619; x_wconf 79' lang='lat' dir='ltr'>Frangere</span> <span class='ocrx_word' id='word_1_36' title='bbox 774 582 913 620; x_wconf 81' lang='lat' dir='ltr'>patrum.</span> 
     </span>
    </p>
   </div>
   <div class='ocr_carea' id='block_1_4' title="bbox 480 645 1173 822">
    <p class='ocr_par' dir='ltr' id='par_1_6' title="bbox 480 645 1173 782">
     <span class='ocr_line' id='line_1_10' title="bbox 480 645 1148 689; baseline 0 -11"><span class='ocrx_word' id='word_1_37' title='bbox 480 646 512 679; x_wconf 87' lang='lat'>5.</span> <span class='ocrx_word' id='word_1_38' title='bbox 539 645 643 684; x_wconf 88' lang='lat' dir='ltr'>Hujus</span> <span class='ocrx_word' id='word_1_39' title='bbox 669 646 802 678; x_wconf 82' lang='lat' dir='ltr'>excelsis</span> <span class='ocrx_word' id='word_1_40' title='bbox 825 646 947 678; x_wconf 84' lang='lat' dir='ltr'>meritis</span> <span class='ocrx_word' id='word_1_41' title='bbox 971 654 1148 689; x_wconf 83' lang='lat' dir='ltr'>precemur,</span> 
     </span>
     <span class='ocr_line' id='line_1_11' title="bbox 541 692 1173 734; baseline 0 -9"><span class='ocrx_word' id='word_1_42' title='bbox 541 692 686 725; x_wconf 82' lang='lat' dir='ltr'>Christus</span> <span class='ocrx_word' id='word_1_43' title='bbox 710 695 745 725; x_wconf 82' lang='lat' dir='ltr'>ut</span> <span class='ocrx_word' id='word_1_44' title='bbox 770 693 862 726; x_wconf 84' lang='lat' dir='ltr'>nobis</span> <span class='ocrx_word' id='word_1_45' title='bbox 884 693 1006 727; x_wconf 82' lang='lat' dir='ltr'>tribuat</span> <span class='ocrx_word' id='word_1_46' title='bbox 1029 694 1173 734; x_wconf 81' lang='lat' dir='ltr'>salutem,</span> 
     </span>
     <span class='ocr_line' id='line_1_12' title="bbox 538 740 1104 782; baseline 0.004 -11"><span class='ocrx_word' id='word_1_47' title='bbox 538 740 659 772; x_wconf 81' lang='lat' dir='ltr'>Aroeat</span> <span class='ocrx_word' id='word_1_48' title='bbox 682 743 805 780; x_wconf 81' lang='lat' dir='ltr'>pestem</span> <span class='ocrx_word' id='word_1_49' title='bbox 829 742 924 773; x_wconf 87' lang='lat' dir='ltr'>simul</span> <span class='ocrx_word' id='word_1_50' title='bbox 949 744 981 773; x_wconf 87' lang='lat' dir='ltr'>et</span> <span class='ocrx_word' id='word_1_51' title='bbox 1003 742 1104 782; x_wconf 79' lang='lat' dir='ltr'>iniqui</span> 
     </span>
    </p>

    <p class='ocr_par' dir='ltr' id='par_1_7' title="bbox 586 786 827 822">
     <span class='ocr_line' id='line_1_13' title="bbox 586 786 827 822; baseline 0.012 -3"><span class='ocrx_word' id='word_1_52' title='bbox 586 786 714 821; x_wconf 83' lang='lat' dir='ltr'>Semina</span> <span class='ocrx_word' id='word_1_53' title='bbox 740 788 827 822; x_wconf 89' lang='lat' dir='ltr'>belli.</span> 
     </span>
    </p>
   </div>
   <div class='ocr_carea' id='block_1_5' title="bbox 479 853 1193 1037">
    <p class='ocr_par' dir='ltr' id='par_1_8' title="bbox 479 853 1193 990">
     <span class='ocr_line' id='line_1_14' title="bbox 479 853 1161 899; baseline 0.001 -12"><span class='ocrx_word' id='word_1_54' title='bbox 479 855 510 887; x_wconf 84' lang='lat'>6.</span> <span class='ocrx_word' id='word_1_55' title='bbox 539 853 683 886; x_wconf 82' lang='lat' dir='ltr'>Gloriam</span> <span class='ocrx_word' id='word_1_56' title='bbox 707 854 791 887; x_wconf 78' lang='lat' dir='ltr'>trino</span> <span class='ocrx_word' id='word_1_57' title='bbox 816 855 952 888; x_wconf 89' lang='lat' dir='ltr'>Domino</span> <span class='ocrx_word' id='word_1_58' title='bbox 977 864 1161 899; x_wconf 84' lang='lat' dir='ltr'>perennem,</span> 
     </span>
     <span class='ocr_line' id='line_1_15' title="bbox 537 901 1193 943; baseline 0.003 -10"><span class='ocrx_word' id='word_1_59' title='bbox 537 901 619 933; x_wconf 81' lang='lat' dir='ltr'>Tum</span> <span class='ocrx_word' id='word_1_60' title='bbox 644 901 730 941; x_wconf 85' lang='lat' dir='ltr'>patri</span> <span class='ocrx_word' id='word_1_61' title='bbox 756 904 788 933; x_wconf 82' lang='lat' dir='ltr'>et</span> <span class='ocrx_word' id='word_1_62' title='bbox 811 904 886 934; x_wconf 81' lang='lat' dir='ltr'>nato</span> <span class='ocrx_word' id='word_1_63' title='bbox 911 902 1004 935; x_wconf 91' lang='lat' dir='ltr'>simul</span> <span class='ocrx_word' id='word_1_64' title='bbox 1028 904 1193 943; x_wconf 80' lang='lat' dir='ltr'>utriusque</span> 
     </span>
     <span class='ocr_line' id='line_1_16' title="bbox 535 949 1147 990; baseline 0.003 -10"><span class='ocrx_word' id='word_1_65' title='bbox 535 949 677 981; x_wconf 78' lang='lat' dir='ltr'>Flamini</span> <span class='ocrx_word' id='word_1_66' title='bbox 698 954 810 983; x_wconf 79' lang='lat' dir='ltr'>saneto</span> <span class='ocrx_word' id='word_1_67' title='bbox 835 950 974 990; x_wconf 68' lang='lat' dir='ltr'>supplici</span> <span class='ocrx_word' id='word_1_68' title='bbox 998 959 1147 983; x_wconf 72' lang='lat' dir='ltr'>canamus</span> 
     </span>
    </p>

    <p class='ocr_par' dir='ltr' id='par_1_9' title="bbox 584 995 920 1037">
     <span class='ocr_line' id='line_1_17' title="bbox 584 995 920 1037; baseline 0 -9"><span class='ocrx_word' id='word_1_69' title='bbox 584 995 688 1029; x_wconf 85' lang='lat' dir='ltr'>Corde</span> <span class='ocrx_word' id='word_1_70' title='bbox 715 1005 775 1037; x_wconf 87' lang='lat' dir='ltr'>per</span> <span class='ocrx_word' id='word_1_71' title='bbox 799 1006 920 1032; x_wconf 83' lang='lat' dir='ltr'>aevum.</span> 
     </span>
    </p>
   </div>
   <div class='ocr_carea' id='block_1_6' title="bbox 263 1079 1023 1117">
    <p class='ocr_par' dir='ltr' id='par_1_10' title="bbox 263 1079 1023 1117">
     <span class='ocr_line' id='line_1_18' title="bbox 263 1079 1023 1117; baseline 0.004 -10"><span class='ocrx_word' id='word_1_72' title='bbox 263 1079 350 1107; x_wconf 82' lang='lat' dir='ltr'>Brev.</span> <span class='ocrx_word' id='word_1_73' title='bbox 371 1079 676 1109; x_wconf 77' lang='lat' dir='ltr'>Gallicano-Siculum</span> <span class='ocrx_word' id='word_1_74' title='bbox 694 1083 763 1117; x_wconf 86' lang='lat' dir='ltr'>imp.</span> <span class='ocrx_word' id='word_1_75' title='bbox 783 1081 917 1110; x_wconf 76' lang='lat' dir='ltr'>Venetiis</span> <span class='ocrx_word' id='word_1_76' title='bbox 940 1080 1023 1110; x_wconf 81' lang='lat'>1527.</span> 
     </span>
    </p>
   </div>
   <div class='ocr_carea' id='block_1_7' title="bbox 594 1220 1098 1319">
    <p class='ocr_par' dir='ltr' id='par_1_11' title="bbox 594 1220 1098 1319">
     <span class='ocr_line' id='line_1_19' title="bbox 594 1220 1098 1254; baseline -0.002 -2"><span class='ocrx_word' id='word_1_77' title='bbox 594 1220 659 1252; x_wconf 84' lang='lat'>273.</span> <span class='ocrx_word' id='word_1_78' title='bbox 690 1221 735 1253; x_wconf 82' lang='lat' dir='ltr'>De</span> <span class='ocrx_word' id='word_1_79' title='bbox 755 1229 780 1252; x_wconf 88' lang='lat' dir='ltr'>s.</span> <span class='ocrx_word' id='word_1_80' title='bbox 800 1221 902 1253; x_wconf 80' lang='lat' dir='ltr'>Leone</span> <span class='ocrx_word' id='word_1_81' title='bbox 924 1221 1098 1254; x_wconf 69' lang='lat' dir='ltr'>catanensi.</span> 
     </span>
     <span class='ocr_line' id='line_1_20' title="bbox 742 1288 939 1319; baseline -0.005 -1"><span class='ocrx_word' id='word_1_82' title='bbox 742 1289 792 1318; x_wconf 77' lang='lat' dir='ltr'>Ad</span> <span class='ocrx_word' id='word_1_83' title='bbox 810 1288 939 1319; x_wconf 78' lang='lat' dir='ltr'>Laudes.</span> 
     </span>
    </p>
   </div>
   <div class='ocr_carea' id='block_1_8' title="bbox 475 1358 1167 1542">
    <p class='ocr_par' dir='ltr' id='par_1_12' title="bbox 475 1358 1167 1495">
     <span class='ocr_line' id='line_1_21' title="bbox 475 1358 1167 1400; baseline 0.001 -10"><span class='ocrx_word' id='word_1_84' title='bbox 475 1358 506 1391; x_wconf 84' lang='grc'>1.</span> <span class='ocrx_word' id='word_1_85' title='bbox 532 1358 594 1400; x_wconf 87' lang='lat' dir='ltr'>En,</span> <span class='ocrx_word' id='word_1_86' title='bbox 623 1359 691 1391; x_wconf 81' lang='lat' dir='ltr'>dies</span> <span class='ocrx_word' id='word_1_87' title='bbox 714 1360 803 1392; x_wconf 83' lang='lat' dir='ltr'>venit</span> <span class='ocrx_word' id='word_1_88' title='bbox 828 1359 1021 1392; x_wconf 80' lang='lat' dir='ltr'>celebranda</span> <span class='ocrx_word' id='word_1_89' title='bbox 1047 1360 1167 1392; x_wconf 84' lang='lat' dir='ltr'>eunetis</span> 
     </span>
     <span class='ocr_line' id='line_1_22' title="bbox 532 1406 1089 1448; baseline 0.002 -10"><span class='ocrx_word' id='word_1_90' title='bbox 532 1406 634 1444; x_wconf 77' lang='lat' dir='ltr'>Italis,</span> <span class='ocrx_word' id='word_1_91' title='bbox 659 1407 751 1439; x_wconf 90' lang='lat' dir='ltr'>nobis</span> <span class='ocrx_word' id='word_1_92' title='bbox 775 1406 870 1439; x_wconf 85' lang='lat' dir='ltr'>simul</span> <span class='ocrx_word' id='word_1_93' title='bbox 899 1411 930 1439; x_wconf 87' lang='lat' dir='ltr'>et</span> <span class='ocrx_word' id='word_1_94' title='bbox 955 1407 1089 1448; x_wconf 83' lang='lat' dir='ltr'>Sicanis,</span> 
     </span>
     <span class='ocr_line' id='line_1_23' title="bbox 532 1453 1146 1495; baseline 0 -9"><span class='ocrx_word' id='word_1_95' title='bbox 532 1453 600 1492; x_wconf 78' lang='lat' dir='ltr'>Qua</span> <span class='ocrx_word' id='word_1_96' title='bbox 623 1454 690 1486; x_wconf 91' lang='lat' dir='ltr'>Leo</span> <span class='ocrx_word' id='word_1_97' title='bbox 714 1455 843 1494; x_wconf 83' lang='lat' dir='ltr'>praesul</span> <span class='ocrx_word' id='word_1_98' title='bbox 867 1455 1006 1495; x_wconf 85' lang='lat' dir='ltr'>patriam</span> <span class='ocrx_word' id='word_1_99' title='bbox 1030 1455 1146 1495; x_wconf 85' lang='lat' dir='ltr'>petivit</span> 
     </span>
    </p>

    <p class='ocr_par' dir='ltr' id='par_1_13' title="bbox 578 1502 863 1542">
     <span class='ocr_line' id='line_1_24' title="bbox 578 1502 863 1542; baseline 0.004 -8"><span class='ocrx_word' id='word_1_100' title='bbox 578 1502 658 1534; x_wconf 77' lang='lat' dir='ltr'>Jure</span> <span class='ocrx_word' id='word_1_101' title='bbox 681 1510 863 1542; x_wconf 85' lang='lat' dir='ltr'>supernam.</span> 
     </span>
    </p>
   </div>
   <div class='ocr_carea' id='block_1_9' title="bbox 472 1567 1144 1745">
    <p class='ocr_par' dir='ltr' id='par_1_14' title="bbox 472 1567 1144 1704">
     <span class='ocr_line' id='line_1_25' title="bbox 472 1567 1089 1609; baseline 0 -9"><span class='ocrx_word' id='word_1_102' title='bbox 472 1569 503 1600; x_wconf 85' lang='lat'>2.</span> <span class='ocrx_word' id='word_1_103' title='bbox 530 1568 594 1601; x_wconf 86' lang='lat' dir='ltr'>Hic</span> <span class='ocrx_word' id='word_1_104' title='bbox 620 1568 688 1600; x_wconf 83' lang='lat' dir='ltr'>dies</span> <span class='ocrx_word' id='word_1_105' title='bbox 714 1570 781 1600; x_wconf 80' lang='lat' dir='ltr'>toto</span> <span class='ocrx_word' id='word_1_106' title='bbox 808 1567 986 1600; x_wconf 82' lang='lat' dir='ltr'>celebratus</span> <span class='ocrx_word' id='word_1_107' title='bbox 1009 1567 1089 1609; x_wconf 84' lang='lat' dir='ltr'>orbi,</span> 
     </span>
     <span class='ocr_line' id='line_1_26' title="bbox 531 1615 1144 1656; baseline 0 -8"><span class='ocrx_word' id='word_1_108' title='bbox 531 1615 642 1649; x_wconf 77' lang='lat' dir='ltr'>Turba,</span> <span class='ocrx_word' id='word_1_109' title='bbox 665 1617 799 1648; x_wconf 81' lang='lat' dir='ltr'>sacratis</span> <span class='ocrx_word' id='word_1_110' title='bbox 824 1616 973 1656; x_wconf 82' lang='lat' dir='ltr'>precihus</span> <span class='ocrx_word' id='word_1_111' title='bbox 998 1618 1144 1648; x_wconf 78' lang='lat' dir='ltr'>recantet,</span> 
     </span>
     <span class='ocr_line' id='line_1_27' title="bbox 530 1663 1089 1704; baseline -0.004 -8"><span class='ocrx_word' id='word_1_112' title='bbox 530 1663 666 1696; x_wconf 87' lang='lat' dir='ltr'>Debitas</span> <span class='ocrx_word' id='word_1_113' title='bbox 690 1664 802 1696; x_wconf 85' lang='lat' dir='ltr'>laudes</span> <span class='ocrx_word' id='word_1_114' title='bbox 827 1664 950 1696; x_wconf 82' lang='lat' dir='ltr'>meritis</span> <span class='ocrx_word' id='word_1_115' title='bbox 975 1663 1089 1704; x_wconf 85' lang='lat' dir='ltr'>opimis</span> 
     </span>
    </p>

    <p class='ocr_par' dir='ltr' id='par_1_15' title="bbox 576 1712 851 1745">
     <span class='ocr_line' id='line_1_28' title="bbox 576 1712 851 1745; baseline 0 0"><span class='ocrx_word' id='word_1_116' title='bbox 576 1712 741 1745; x_wconf 84' lang='lat' dir='ltr'>Praesulis</span> <span class='ocrx_word' id='word_1_117' title='bbox 766 1712 851 1745; x_wconf 88' lang='lat' dir='ltr'>almi.</span> 
     </span>
    </p>
   </div>
   <div class='ocr_carea' id='block_1_10' title="bbox 472 1777 1203 1953">
    <p class='ocr_par' dir='ltr' id='par_1_16' title="bbox 472 1777 1203 1914">
     <span class='ocr_line' id='line_1_29' title="bbox 472 1777 1155 1818; baseline 0 -7"><span class='ocrx_word' id='word_1_118' title='bbox 472 1779 503 1811; x_wconf 84' lang='lat'>3.</span> <span class='ocrx_word' id='word_1_119' title='bbox 529 1777 633 1818; x_wconf 80' lang='lat' dir='ltr'>Hujus</span> <span class='ocrx_word' id='word_1_120' title='bbox 659 1787 784 1811; x_wconf 89' lang='lat' dir='ltr'>oremus</span> <span class='ocrx_word' id='word_1_121' title='bbox 808 1778 958 1818; x_wconf 79' lang='lat' dir='ltr'>precibus</span> <span class='ocrx_word' id='word_1_122' title='bbox 983 1788 1155 1818; x_wconf 86' lang='lat' dir='ltr'>supernum</span> 
     </span>
     <span class='ocr_line' id='line_1_30' title="bbox 529 1825 1203 1870; baseline 0.003 -13"><span class='ocrx_word' id='word_1_123' title='bbox 529 1825 665 1866; x_wconf 81' lang='lat' dir='ltr'>Numen,</span> <span class='ocrx_word' id='word_1_124' title='bbox 691 1829 729 1857; x_wconf 82' lang='lat' dir='ltr'>ut</span> <span class='ocrx_word' id='word_1_125' title='bbox 750 1826 854 1865; x_wconf 81' lang='lat' dir='ltr'>pellat</span> <span class='ocrx_word' id='word_1_126' title='bbox 876 1827 1010 1858; x_wconf 84' lang='lat' dir='ltr'>miseros</span> <span class='ocrx_word' id='word_1_127' title='bbox 1035 1827 1075 1858; x_wconf 88' lang='lat' dir='ltr'>ab</span> <span class='ocrx_word' id='word_1_128' title='bbox 1101 1827 1203 1870; x_wconf 80' lang='lat' dir='ltr'>hoste,</span> 
     </span>
     <span class='ocr_line' id='line_1_31' title="bbox 528 1873 1101 1914; baseline 0.003 -10"><span class='ocrx_word' id='word_1_129' title='bbox 528 1874 648 1905; x_wconf 80' lang='lat' dir='ltr'>Areeat</span> <span class='ocrx_word' id='word_1_130' title='bbox 673 1877 806 1914; x_wconf 82' lang='lat' dir='ltr'>pestem,</span> <span class='ocrx_word' id='word_1_131' title='bbox 832 1873 954 1906; x_wconf 81' lang='lat' dir='ltr'>tribuat</span> <span class='ocrx_word' id='word_1_132' title='bbox 979 1873 1101 1906; x_wconf 80' lang='lat' dir='ltr'>Sicanis</span> 
     </span>
    </p>

    <p class='ocr_par' dir='ltr' id='par_1_17' title="bbox 577 1920 830 1953">
     <span class='ocr_line' id='line_1_32' title="bbox 577 1920 830 1953; baseline 0.004 -1"><span class='ocrx_word' id='word_1_133' title='bbox 577 1920 701 1953; x_wconf 84' lang='lat' dir='ltr'>Pabula</span> <span class='ocrx_word' id='word_1_134' title='bbox 724 1922 830 1953; x_wconf 79' lang='lat' dir='ltr'>terrie.</span> 
     </span>
    </p>
   </div>
   <div class='ocr_carea' id='block_1_11' title="bbox 471 1986 1197 2171">
    <p class='ocr_par' dir='ltr' id='par_1_18' title="bbox 471 1986 1197 2124">
     <span class='ocr_line' id='line_1_33' title="bbox 471 1986 1171 2028; baseline -0.003 -6"><span class='ocrx_word' id='word_1_135' title='bbox 471 1989 502 2022; x_wconf 85' lang='lat'>4.</span> <span class='ocrx_word' id='word_1_136' title='bbox 530 1986 618 2028; x_wconf 86' lang='lat' dir='ltr'>Ergo</span> <span class='ocrx_word' id='word_1_137' title='bbox 644 1996 728 2019; x_wconf 82' lang='lat' dir='ltr'>nune</span> <span class='ocrx_word' id='word_1_138' title='bbox 752 1987 829 2019; x_wconf 82' lang='lat' dir='ltr'>laeti</span> <span class='ocrx_word' id='word_1_139' title='bbox 851 1996 1039 2020; x_wconf 84' lang='lat' dir='ltr'>veneremur</span> <span class='ocrx_word' id='word_1_140' title='bbox 1063 1996 1171 2020; x_wconf 87' lang='lat' dir='ltr'>omnes</span> 
     </span>
     <span class='ocr_line' id='line_1_34' title="bbox 529 2035 1197 2078; baseline -0.001 -10"><span class='ocrx_word' id='word_1_141' title='bbox 529 2036 716 2069; x_wconf 82' lang='lat' dir='ltr'>Praesulem</span> <span class='ocrx_word' id='word_1_142' title='bbox 740 2044 865 2067; x_wconf 83' lang='lat' dir='ltr'>sacrum</span> <span class='ocrx_word' id='word_1_143' title='bbox 893 2035 1024 2068; x_wconf 79' lang='lat' dir='ltr'>Catinae</span> <span class='ocrx_word' id='word_1_144' title='bbox 1048 2035 1197 2078; x_wconf 85' lang='lat' dir='ltr'>Leonem,</span> 
     </span>
     <span class='ocr_line' id='line_1_35' title="bbox 529 2082 1155 2124; baseline 0 -8"><span class='ocrx_word' id='word_1_145' title='bbox 529 2082 636 2124; x_wconf 85' lang='lat' dir='ltr'>thue</span> <span class='ocrx_word' id='word_1_146' title='bbox 661 2086 735 2124; x_wconf 86' lang='lat' dir='ltr'>post</span> <span class='ocrx_word' id='word_1_147' title='bbox 759 2084 845 2116; x_wconf 78' lang='lat' dir='ltr'>vitae</span> <span class='ocrx_word' id='word_1_148' title='bbox 870 2083 1005 2115; x_wconf 83' lang='lat' dir='ltr'>miserae</span> <span class='ocrx_word' id='word_1_149' title='bbox 1029 2083 1155 2116; x_wconf 84' lang='lat' dir='ltr'>labores</span> 
     </span>
    </p>

    <p class='ocr_par' dir='ltr' id='par_1_19' title="bbox 577 2132 857 2171">
     <span class='ocr_line' id='line_1_36' title="bbox 577 2132 857 2171; baseline 0.007 -8"><span class='ocrx_word' id='word_1_150' title='bbox 577 2132 677 2164; x_wconf 88' lang='lat' dir='ltr'>Astra</span> <span class='ocrx_word' id='word_1_151' title='bbox 700 2133 857 2171; x_wconf 83' lang='lat' dir='ltr'>petamus.</span> 
     </span>
    </p>
   </div>
   <div class='ocr_carea' id='block_1_12' title="bbox 468 2199 1211 2383">
    <p class='ocr_par' dir='ltr' id='par_1_20' title="bbox 468 2199 1211 2338">
     <span class='ocr_line' id='line_1_37' title="bbox 468 2199 1194 2243; baseline -0.001 -11"><span class='ocrx_word' id='word_1_152' title='bbox 468 2201 500 2235; x_wconf 89' lang='lat'>5.</span> <span class='ocrx_word' id='word_1_153' title='bbox 527 2199 588 2243; x_wconf 88' lang='lat' dir='ltr'>Da,</span> <span class='ocrx_word' id='word_1_154' title='bbox 615 2201 718 2239; x_wconf 88' lang='lat' dir='ltr'>pater,</span> <span class='ocrx_word' id='word_1_155' title='bbox 746 2199 799 2238; x_wconf 89' lang='lat' dir='ltr'>qui</span> <span class='ocrx_word' id='word_1_156' title='bbox 823 2208 881 2231; x_wconf 85' lang='lat' dir='ltr'>nos</span> <span class='ocrx_word' id='word_1_157' title='bbox 907 2199 1051 2232; x_wconf 81' lang='lat' dir='ltr'>manibus</span> <span class='ocrx_word' id='word_1_158' title='bbox 1078 2199 1194 2232; x_wconf 79' lang='lat' dir='ltr'>creasti</span> 
     </span>
     <span class='ocr_line' id='line_1_38' title="bbox 530 2246 1211 2287; baseline 0 -8"><span class='ocrx_word' id='word_1_159' title='bbox 530 2248 677 2287; x_wconf 78' lang='lat' dir='ltr'>Quosque</span> <span class='ocrx_word' id='word_1_160' title='bbox 701 2256 760 2287; x_wconf 87' lang='lat' dir='ltr'>per</span> <span class='ocrx_word' id='word_1_161' title='bbox 784 2248 895 2279; x_wconf 84' lang='lat' dir='ltr'>natum</span> <span class='ocrx_word' id='word_1_162' title='bbox 919 2246 1052 2279; x_wconf 80' lang='lat' dir='ltr'>miseros</span> <span class='ocrx_word' id='word_1_163' title='bbox 1078 2248 1211 2287; x_wconf 84' lang='lat' dir='ltr'>replesti</span> 
     </span>
     <span class='ocr_line' id='line_1_39' title="bbox 530 2293 1135 2338; baseline -0.005 -8"><span class='ocrx_word' id='word_1_164' title='bbox 530 2296 656 2336; x_wconf 80' lang='lat' dir='ltr'>Spiritu</span> <span class='ocrx_word' id='word_1_165' title='bbox 680 2297 800 2338; x_wconf 76' lang='lat' dir='ltr'>saneto,</span> <span class='ocrx_word' id='word_1_166' title='bbox 829 2295 995 2328; x_wconf 78' lang='lat' dir='ltr'>celebrare</span> <span class='ocrx_word' id='word_1_167' title='bbox 1018 2293 1135 2327; x_wconf 78' lang='lat' dir='ltr'>festum</span> 
     </span>
    </p>

    <p class='ocr_par' dir='ltr' id='par_1_21' title="bbox 575 2343 856 2383">
     <span class='ocr_line' id='line_1_40' title="bbox 575 2343 856 2383; baseline 0.004 -8"><span class='ocrx_word' id='word_1_168' title='bbox 575 2344 651 2376; x_wconf 89' lang='lat' dir='ltr'>Rite</span> <span class='ocrx_word' id='word_1_169' title='bbox 677 2343 856 2383; x_wconf 80' lang='lat' dir='ltr'>quotannis.</span> 
     </span>
    </p>
   </div>
   <div class='ocr_carea' id='block_1_13' title="bbox 234 2425 1253 2511">
    <p class='ocr_par' dir='ltr' id='par_1_22' title="bbox 234 2425 1253 2511">
     <span class='ocr_line' id='line_1_41' title="bbox 255 2425 1018 2467; baseline -0.005 -7"><span class='ocrx_word' id='word_1_170' title='bbox 255 2432 340 2460; x_wconf 77' lang='lat' dir='ltr'>Brev.</span> <span class='ocrx_word' id='word_1_171' title='bbox 362 2429 667 2459; x_wconf 68' lang='lat' dir='ltr'>Gallicano-Siculum</span> <span class='ocrx_word' id='word_1_172' title='bbox 687 2430 758 2467; x_wconf 85' lang='lat' dir='ltr'>imp.</span> <span class='ocrx_word' id='word_1_173' title='bbox 777 2429 912 2458; x_wconf 77' lang='lat' dir='ltr'>Venetiis</span> <span class='ocrx_word' id='word_1_174' title='bbox 935 2425 1018 2457; x_wconf 80' lang='lat'>1527.</span> 
     </span>
     <span class='ocr_line' id='line_1_42' title="bbox 234 2469 1253 2511; baseline -0.007 -5"><span class='ocrx_word' id='word_1_175' title='bbox 234 2483 362 2510; x_wconf 74' lang='lat' dir='ltr'>Droves,</span> <span class='ocrx_word' id='word_1_176' title='bbox 379 2481 468 2511; x_wconf 81' lang='lat' dir='ltr'>Hymni</span> <span class='ocrx_word' id='word_1_177' title='bbox 480 2480 578 2505; x_wconf 67' lang='lat' dir='ltr'>inediti.</span> <span class='ocrx_word' id='word_1_178' title='bbox 1220 2469 1253 2499; x_wconf 83' lang='grc'>11</span> 
     </span>
    </p>
   </div>
  </div>
 </body>
</html>
