1651 2621
701 95 927 130 -42—

569 187 613 219 62.
644 188 687 219 De
707 195 730 218 s.
751 186 883 219 Antonio
906 186 1056 218 Eli-emita..

705 255 753 284 Ad
772 254 928 293 Vesperas.

166 312 197 346 1.
222 314 327 345 Antra
349 315 448 346 saltus
473 314 556 354 petit
579 315 663 347 altus
845 316 878 347 4.
902 315 950 346 Te
974 313 1130 356 videbam,
1158 321 1221 345 non
1244 306 1425 350 linquebam

272 361 346 393 Vita
368 370 458 393 sacer
489 387 732 396 ,,,,,,
951 361 1099 393 Gaudens
1123 364 1177 392 tuo
1203 357 1384 394 certamine,

216 423 732 432 ************
902 408 1010 441 Fortis
1035 408 1135 448 pugil,
1162 409 1228 439 esto
1254 404 1331 445 vigil

274 455 431 487 Rector
454 459 624 495 potens,
658 463 787 488 verax
949 456 980 487 A
1004 456 1114 488 solis
1140 456 1260 487 ortus
1280 449 1467 483 cardine.

532 502 561 534 D
573 512 590 534 e
597 512 618 534 u
627 512 651 537 s,

166 560 197 591 2.
224 558 319 598 Signo
350 559 451 591 crucis
476 560 578 592 nostri
603 560 692 591 ducis
846 561 863 592 5
870 584 877 591 .
903 559 957 592 Sic
979 560 1116 591 invictus
1133 560 1209 597 stat,
1235 564 1304 587 cum
1323 553 1467 586 Christus

270 606 360 647 Fuga
385 609 528 639 catervas
554 608 750 646 daemonum,
951 606 1056 645 Ipsius
1082 608 1173 638 sanat
1198 604 1340 644 vulnera,

224 653 332 685 'Ductu
358 654 480 686 clarens
505 655 560 686 lux
580 662 749 694 apparens,
904 654 982 686 Polo
1004 657 1125 685 tractus
1150 651 1213 684 fnit
1234 651 1347 683 nactus

273 701 444 734 Christe
500 702 744 741 redemptor
950 701 1141 732 Aeterna
1178 696 1347 732 Christi
1387 702 1471 725 mu-

534 757 551 779 o
561 758 592 779 m
601 749 642 779 ni
651 758 672 779 u
681 757 720 781 m.
1241 755 1263 777 n
1273 753 1290 775 e
1298 754 1315 776 r
1324 753 1353 777 a.

166 806 196 838 3.
223 805 260 837 Iu
286 807 318 835 te
340 803 422 845 fidit,
449 804 522 836 dum
548 807 581 836 te
606 805 687 836 vidit
847 804 878 836 6.
904 804 1038 836 Hostem
1062 803 1158 846 pelle,
1189 803 1313 843 culpam
1341 799 1421 835 dele,

271 852 488 891 Inspectorem
513 852 693 883 certaminis
704 861 710 881 :
954 851 1021 882 Nos
1048 851 1110 882 duc
1133 851 1175 882 ad
1201 849 1286 882 vitae
1309 847 1448 885 semitas,

225 899 289 931 Ubi
314 907 395 940 eras,
421 897 523 930 frater
546 907 655 940 verax,
906 898 1025 931 Tecum
1049 897 1117 931 nati
1138 898 1203 929 sint
1227 896 1324 938 beati,

275 946 437 978 Consors
451 954 471 984 p
481 945 609 977 aterni
620 945 798 977 luminis?
953 945 1010 976 Tu
1034 944 1259 976 trinitatis
1284 943 1441 975 unitas.

244 1010 329 1036 BreV.
352 1018 403 1036 ms.
425 1010 610 1038 Franciscan.
633 1018 707 1038 saec.
731 1008 775 1037 15,
816 1009 886 1037 Οοᾱ.
906 1011 1043 1037 Rossian.
1064 1018 1087 1037 s.
1112 1019 1140 1036 n.

570 1101 614 1132 63.
645 1101 688 1133 De
709 1109 732 1131 s.
751 1099 884 1131 Antonio
904 1100 1069 1132 Patavino.

726 1168 773 1197 Ad
793 1166 921 1197 Laudes.

190 1252 198 1259 .
224 1226 317 1258 Felix
340 1230 431 1267 pater
454 1227 611 1259 Antonius
851 1228 882 1260 2.
904 1227 1034 1269 Antoni,
1062 1229 1154 1266 pater
1178 1226 1306 1266 nobilis,

228 1274 337 1306 Coelos
364 1274 547 1307 conscendit
572 1274 677 1315 hodie,
910 1274 1046 1307 Coelesti
1072 1272 1196 1313 fulgens
1224 1274 1311 1306 curia

226 1321 373 1361 Suscepit
396 1330 467 1353 eum
490 1322 603 1353 obvius
908 1321 1015 1353 Donet
1041 1330 1101 1360 per
1124 1326 1157 1351 te
1181 1329 1240 1353 rex
1264 1322 1385 1362 gloriae

227 1368 792 1409 Splendorpaternaegloriae.
911 1369 1044 1400 Beata
1065 1368 1189 1400 nobis
1214 1370 1381 1409 gaudia.

505 1428 536 1459 3.
562 1425 652 1457 Patri
678 1425 720 1457 sit
745 1426 814 1457 laus
840 1428 872 1456 et
894 1424 961 1456 filio

564 1473 788 1512 Paraclitoque
811 1471 942 1512 flamini,

567 1520 665 1559 Quem
690 1520 801 1551 laudat
827 1519 905 1551 coeli
930 1519 1009 1551 solio

564 1567 653 1598 Iste
679 1565 904 1598 confessor
926 1566 1107 1600 Domini.

247 1631 332 1658 Brev.
361 1640 411 1658 ms.
438 1630 467 1659 S.
488 1632 642 1659 Laurentii
663 1631 810 1659 Ulciensis
830 1631 927 1665 (Oulx)
954 1639 1029 1658 saec.
1053 1628 1096 1658 15.
1138 1630 1208 1658 Cod.
1228 1632 1385 1659 Taurinen.
1406 1632 1478 1668 Reg-

174 1666 218 1696 11.
239 1684 276 1688 —
295 1666 321 1701 3,
342 1667 361 1695 2
381 1678 435 1704 qne
458 1671 584 1705 ergi'mzt.

580 1760 626 1791 64.
657 1760 701 1791 De
721 1768 744 1790 s.
766 1759 896 1792 Antonio
917 1760 1079 1792 patavino.

175 1831 207 1864 1.
234 1829 331 1862 Chori
354 1828 455 1861 nostri
478 1829 683 1868 praeconium
853 1832 886 1863 4.
913 1830 978 1862 Sed
1002 1830 1156 1862 Paduana
1177 1831 1285 1870 potius

233 1877 360 1909 Laudes
386 1876 520 1908 resultat
543 1876 688 1917 Domino,
913 1878 951 1908 In
975 1877 1101 1910 laudem
1126 1881 1234 1918 surgat
1260 1879 1382 1918 civitas,

231 1924 383 1956 Miranda
405 1933 466 1963 per
490 1925 661 1956 Antonium
914 1925 977 1956 Per
998 1925 1082 1956 hunc
1102 1926 1259 1957 instructa
1281 1927 1416 1966 plenius,

233 1971 325 2003 More
348 1973 475 2011 patrata
499 1972 643 2011 pristino.
912 1972 1028 2006 Rectas
1054 1975 1163 2004 tenere
1184 1973 1325 2008 semitas,

176 2030 207 2061 2.
232 2028 319 2060 Iberi
345 2031 423 2068 potu
445 2026 581 2061 fluminis
857 2031 888 2062 5.
915 2029 975 2068 Qui
998 2032 1052 2063 tuo
1077 2030 1235 2069 quondam
1259 2032 1377 2070 populo

233 2075 341 2114 Aegra
365 2076 490 2108 sanavit
514 2084 647 2115 corpora
913 2077 1008 2108 Vitae
1033 2074 1187 2108 fundebat
1211 2078 1336 2120 poeula,

236 2123 343 2154 Virtus
368 2123 498 2162 superni
521 2123 667 2166 numinis,
915 2123 981 2162 Quo
1010 2124 1053 2154 sit
1075 2123 1207 2166 insignis
1232 2125 1334 2165 titulo,

234 2170 296 2202 Per
318 2171 405 2202 idem
427 2179 543 2202 sanans
566 2173 710 2210 pectora.
914 2170 1067 2202 Declarat
1090 2180 1148 2211 per
1172 2172 1336 2207 miracula.

177 2229 207 2260 3.
233 2227 369 2259 Alumno
383 2220 471 2259 '‘'felix
495 2227 605 2260 inclito
857 2229 887 2260 6.
914 2226 1068 2259 Membris
1095 2229 1161 2267 eJ'us
1186 2229 1328 2262 mirificis

235 2274 421 2313 Congaudet
447 2275 548 2306 omnis
574 2274 701 2318 Spania,
916 2275 1025 2306 Ditata
1049 2274 1110 2306 Dei
1135 2285 1274 2316 munere,

233 2321 285 2353 Ex
311 2323 398 2361 cnjus
424 2324 491 2353 tota
515 2323 627 2355 merito
913 2322 1022 2354 Rebus
1048 2322 1131 2354 elabi
1153 2323 1297 2365 lubricis,

234 2369 291 2401 Fit
315 2369 448 2400 celebris
472 2369 578 2402 Italia.
914 2370 1070 2410 ‘Magistro
1100 2371 1187 2402 disce
1211 2380 1361 2413 paupere.
