1651 2621
713 111 970 148 -2664

458 213 487 245 3.
514 211 643 243 Transit
667 211 708 243 ad
734 210 837 242 coelos
863 209 968 243 anima
989 210 1077 242 beati

514 255 674 303 [Membra
697 255 878 301 humantur]
907 258 966 290 viri
991 257 1060 290 Deo
1085 256 1167 296 grati

516 307 654 347 Virginis
679 307 760 348 aula,
785 306 925 346 gaudent
950 314 989 337 ex
1010 306 1069 338 hoc
1095 300 1189 347 [dati]

566 351 690 398 [Gleba]
717 354 864 394 pastoris.

458 413 490 443 4.
518 410 627 443 Gloria
650 410 718 450 tibi,
744 409 830 450 Jesu,
856 412 966 449 pastor
991 409 1082 445 bone,

518 458 575 497 Qui
600 458 765 490 Theodoro
792 457 848 489 das
874 454 1002 500 [sertum
1030 452 1190 499 coronae],

518 505 611 544 Cujus
637 505 766 537 obtentu
787 505 879 543 juxta
903 508 934 536 te
958 514 1014 536 nos
1039 512 1132 544 pone,

562 552 662 584 Dator
686 552 820 584 honoris.

277 619 366 646 Psalt.
387 627 438 646 uir».
459 618 623 645 Veronense
643 626 716 645 saec.
743 615 784 643 12.
806 626 848 644 ex.
882 616 949 645 Cod.
972 617 1065 653 Capit.
1085 617 1230 645 Veronen.
1245 617 1343 644 CVIII
1362 613 1496 651 (101).—

201 656 262 684 Aus
295 658 365 721 clffin
398 656 491 683 dieser
516 655 618 688 Quelle
647 656 704 682 und
737 656 791 682 mit
814 655 869 682 den
897 655 1030 690 gleiehen
1058 655 1180 683 Lfieken
1207 655 1439 691 abgesehrieben
1465 655 1497 681 in

204 695 273 722 (lod.
294 696 310 721 6
332 698 338 706 “
351 715 357 721 .

607 813 675 844 450.
705 813 747 844 De
766 813 875 843 sancta
896 813 1075 845 Theodosia.

735 879 782 909 Ad
802 879 957 917 Vesperas.

204 950 234 982 1.
261 949 353 981 Felix
377 949 468 980 nimis
495 948 668 988 virginitas,
875 951 906 982 4.
933 950 1140 982 Nobilitatem
1165 951 1289 991 generis

261 996 378 1028 Divina
398 993 535 1035 flagrans
559 994 672 1034 facula,
934 997 1083 1037 Magnum
1109 998 1196 1029 velut
1219 999 1390 1031 ridiculum

262 1044 403 1074 Aeterna
433 1051 523 1081 quam
544 1042 725 1081 jucunditas
933 1044 982 1075 Ac
1007 1045 1157 1085 elegantis
1184 1047 1325 1085 corporis

263 1090 354 1121 Nunc
377 1091 464 1120 tenet
489 1092 520 1120 et
542 1089 574 1120 in
599 1090 732 1120 saecula.
933 1091 1060 1131 Sprevit
1085 1092 1151 1131 ejus
1178 1093 1372 1127 cinisculum.

204 1153 237 1180 Ξ.
261 1146 399 1178 Anhelat
421 1144 542 1176 fraudis
564 1145 679 1186 nescia,
875 1149 905 1180 5.
931 1148 1118 1180 Retruditur
1141 1149 1173 1180 in
1199 1158 1326 1182 carcere

260 1191 380 1224 Afflata
406 1192 572 1232 desiderio,
933 1195 1027 1235 Virgo
1051 1196 1113 1228 Dei
1137 1197 1315 1240 seraphica,

261 1240 360 1272 Beata
384 1239 564 1271 Theodosia
933 1241 1127 1276 circumfluit
1150 1243 1190 1275 ab
1212 1245 1341 1277 aethere

261 1287 298 1318 Iu
322 1290 495 1323 martyrum
519 1286 686 1318 consortio.
932 1289 1023 1321 Hanc
1049 1290 1126 1322 visio
1153 1290 1276 1326 deifica.

205 1344 235 1375 3.
263 1342 415 1382 Despexit
439 1351 514 1381 opes
539 1343 681 1384 turgidas
875 1346 904 1377 6.
932 1345 1065 1377 Obsistit
1094 1349 1125 1377 et
1148 1348 1333 1386 parentibus

262 1390 369 1421 Veloci
393 1389 498 1420 cordis
522 1390 641 1428 impetu
932 1392 1067 1425 Ratione
1090 1393 1234 1434 mirifica,

263 1436 493 1475 Parentumque
516 1436 687 1468 blanditias
930 1441 1086 1472 Avertere
1109 1441 1287 1474 volentibus

260 1482 384 1515 Edocta
409 1483 486 1514 coeli
509 1484 637 1517 monitu.
931 1487 1056 1519 Altaria
1080 1487 1230 1521 salvifica.

562 1541 592 1572 7.
618 1541 680 1572 Per
704 1541 785 1572 hanc
808 1544 901 1580 pater
926 1551 995 1574 cum
1019 1543 1084 1576 filio

618 1586 862 1627 Consolatorque
885 1590 1016 1628 spiritus

617 1635 647 1665 A
674 1634 835 1666 criminum
862 1638 1005 1677 contagio

618 1681 684 1712 Nos
709 1682 761 1713 hie
786 1683 932 1714 emundet
956 1683 1109 1718 funditus.

274 1745 377 1771 Diui-n.
398 1753 440 1771 ms
465 1744 700 1772 Praedicatorum
723 1753 794 1772 mee.
818 1744 861 1773 15.
895 1747 963 1775 Cod.
984 1749 1123 1776 Mareian.
1144 1750 1169 1776 L
1189 1751 1204 1778 Ι
1223 1748 1270 1779 83.
1285 1753 1320 1780 A.
1337 1769 1372 1773 —
1386 1754 1496 1782 Diui-n.

199 1790 251 1809 ms.
274 1782 509 1809 Praedicatorum
529 1790 603 1809 saec.
627 1781 660 1810 15
705 1782 774 1810 God.
793 1784 933 1811 Marcian.
953 1785 979 1812 L
999 1786 1020 1813 Z
1043 1785 1104 1815 160.
1128 1788 1209 1814 13.-
1229 1789 1312 1817 Brev.
1333 1801 1385 1819 ms.
1406 1793 1494 1820 Prae-

199 1819 297 1846 dicatt.
319 1820 419 1847 Venet.
439 1827 512 1847 saee-
536 1818 578 1847 15.
605 1820 673 1847 Ood.
699 1822 791 1855 Capit.
811 1822 911 1849 Patav.
934 1824 955 1850 Β
977 1822 1020 1851 60.
1043 1825 1073 1853 C.
1087 1839 1124 1843 -—
1143 1826 1228 1854 Brev.
1248 1830 1492 1858 ms.P1·aedieatt.

197 1857 365 1885 Cremonen.
387 1858 456 1885 anni
481 1855 559 1884 1467.
595 1858 664 1885 (fotl.
687 1858 857 1887 casanaten.
878 1860 900 1887 B
919 1861 961 1888 VI
980 1860 997 1888 5
1016 1860 1112 1897 (1132)
1132 1864 1168 1891 D.
1183 1866 1318 1895 —Brew
1339 1877 1392 1895 ms„
1407 1869 1494 1896 Prae-

195 1894 292 1921 dieatt.
319 1896 412 1923 Italic.
440 1903 514 1923 saec.
541 1894 583 1922 15.
625 1895 691 1923 Cod.
718 1896 879 1924 Londinen.
907 1898 979 1926 Add.
1009 1898 1108 1928 17007.
1136 1901 1171 1928 E.
1199 1918 1235 1922 —
1264 1903 1294 1939 1,
1314 1904 1332 1932 2
1358 1906 1493 1943 fragrans

196 1932 284 1960 ABD.
305 1948 339 1952 —
367 1932 395 1965 1,
415 1931 435 1959 4
461 1934 492 1960 112
510 1933 582 1961 fehlt
603 1934 638 1961 D.
659 1950 697 1954 -
716 1933 746 1967 2,
772 1932 785 1961 1
803 1935 939 1963 Anuellat
959 1938 989 1964 o.
1012 1953 1046 1957 -
1068 1937 1098 1973 2,
1120 1937 1137 1965 2
1156 1940 1267 1969 Efflata
1288 1943 1428 1972 ABGDE,
1450 1960 1489 1964 -

197 1969 222 2003 6,
244 1967 262 1997 3
282 1971 348 1998 Lites
370 1971 530 1998 Evertere'?
552 1986 587 1991 —
608 1970 634 2006 7,
656 1970 673 1998 2
694 1980 749 2008 que
769 1972 842 2000 fehlt
861 1973 921 2000 ΑΕ.

612 2101 673 2133 451.
705 2102 745 2133 De
767 2104 880 2134 sancta.
898 2103 1074 2137 Theodosia.

720 2169 768 2199 Ad
787 2169 976 2201 Nocturnum.

198 2236 227 2268 1.
253 2237 388 2269 Plaudat
418 2237 512 2269 turba
537 2239 718 2271 coelestium
871 2242 902 2273 2.
929 2242 1077 2276 Distendi
1101 2245 1207 2277 nervis
1232 2247 1387 2288 virgine-m

252 2285 290 2316 In
315 2285 445 2325 virginis
471 2286 613 2329 victoria,
929 2289 1025 2322 Jubet
1050 2290 1198 2325 Urbanus
1224 2293 1311 2327 affici

254 2331 352 2370 Quam
375 2333 533 2372 praesidis
557 2332 710 2375 flagitium
930 2337 973 2369 Et
997 2339 1140 2379 corporis
1166 2344 1381 2384 compaginem

254 2378 316 2410 Per
342 2380 410 2411 dira
434 2380 548 2419 probat
574 2382 688 2415 crucia.
930 2386 1094 2419 Insaniens
1117 2388 1265 2422 carnifici.
