1651 2621
698 124 949 159 -228ffl

171 228 202 260 7.
228 227 273 259 Et
296 226 343 257 sic
366 223 484 256 virtute
507 222 614 253 stabili
864 221 895 252 9.
923 218 982 256 Qm'
1005 218 1109 256 ipsam
1132 221 1164 248 et
1189 217 1371 249 custodiunt

226 273 325 305 Fulta
346 272 446 303 intrat
470 269 511 300 ad
536 268 702 308 proelium,
920 264 965 303 Et
989 264 1143 303 adjuvant,
1166 263 1347 305 salubriter,

226 320 321 351 Venit
349 325 460 359 comeS,
486 315 626 347 mirabili
920 312 975 344 Ad
1001 312 1121 343 coelum
1146 319 1246 350 usque
1273 309 1432 348 deferunt,

227 367 308 399 Nisu
331 366 410 397 haec
435 363 512 394 vicit
537 362 679 402 impium.
921 358 987 391 Ubi
1012 361 1125 398 regnat
1149 357 1298 390 feliciter.

169 425 201 458 8.
227 424 392 456 Matronas
416 420 458 452 ad
483 428 518 450 se
542 419 683 458 postulat
851 416 905 448 10.
922 413 1033 447 Gloria
1057 414 1126 453 tibi,
1158 412 1304 452 Domine,

224 471 323 510 Mitti,
350 478 412 501 non
437 466 537 499 fortes
562 466 714 503 homines,
919 461 978 501 Qui
1004 461 1209 492 Petronillam
1233 458 1333 490 filiam

226 518 328 550 Deum
351 515 479 548 interim
502 512 625 553 flagitat
919 508 947 541 T
951 508 981 540 ui
1005 507 1161 547 principis
1186 506 1284 539 hodie

227 566 273 597 Et
293 564 391 597 habet
415 562 493 593 coeli
516 561 643 594 milites,
921 555 1061 589 *induisti
1084 554 1251 587 laetitiam.

245 641 328 668 BreV.
355 646 408 666 ms.
436 635 766 665 Romano-Franciscan.
794 641 869 661 saec.
892 630 936 659 15.
979 629 1048 657 eod.
1069 630 1257 666 Neapolitan.
1283 629 1300 656 Ι
1318 628 1343 655 Β
1369 626 1414 656 23.
1441 643 1480 648 —

171 677 198 712 4,
221 676 236 705 1
256 677 325 705 filie.
346 691 382 695 —
401 673 428 709 4,
449 672 467 702 3
488 674 595 702 sedule.
616 689 653 693 —
672 671 699 703 4,
719 670 739 699 4
757 672 896 698 Ministra
917 677 982 698 cum
1002 669 1133 705 glaritas.

587 810 651 842 386.
682 809 725 840 De
747 809 856 840 sancta
874 806 1060 839 Petronilla.

716 876 766 905 Ad
785 875 912 905 Laudes.

176 949 207 982 1.
235 949 259 981 O
285 947 468 987 Petronilla,
494 945 560 978 filia
866 946 897 978 6.
923 943 1022 976 Nobis
1047 943 1111 975 tuis
1136 942 1271 982 aperias,

235 996 457 1035 Apostolorum
482 993 646 1032 principis,
925 991 1012 1029 Quae
1034 994 1068 1023 te
1092 991 1254 1029 pulsamus
1280 989 1439 1028 precibus,

231 1043 270 1074 In
294 1049 425 1081 corpore
450 1042 481 1071 et
505 1040 610 1071 anima
921 1038 989 1070 Deo
1014 1038 1186 1069 reddentes
1212 1037 1331 1077 gratias

234 1089 371 1120 Pulchra
396 1096 428 1118 es
454 1089 485 1118 et
507 1086 660 1120 amabilis,
921 1086 959 1117 In
984 1084 1046 1115 tuis
1072 1085 1201 1116 summis
1226 1084 1383 1117 laudibus

179 1148 210 1179 2.
236 1144 391 1176 Amabilis
418 1152 450 1174 es
473 1143 607 1174 Domino
866 1144 895 1174 7.
923 1141 1024 1174 Tuum
1050 1140 1176 1181 festum,
1202 1141 1413 1180 sanctissima,

236 1191 281 1223 Et
304 1190 455 1222 creaturis
481 1189 633 1225 omnibus,
926 1188 1130 1222 Celebramus
1157 1197 1227 1220 cum
1252 1188 1381 1229 gaudio,

237 1239 275 1270 In
300 1236 427 1269 summis
454 1236 609 1268 desiderio
926 1236 950 1268 O
977 1235 1020 1266 sis
1046 1239 1076 1266 et
1101 1238 1136 1266 tu
1160 1235 1299 1267 sollicita

236 1285 283 1316 Te
307 1283 489 1316 solemnizet
513 1283 658 1325 populus,
923 1284 985 1315 Pro
1011 1286 1064 1314 tuo
1089 1282 1292 1316 monasterio.

180 1341 211 1373 3.
237 1341 316 1379 Quia
339 1341 371 1371 111
397 1339 482 1370 coelo
507 1339 610 1378 angeli
865 1341 897 1372 8.
924 1338 1000 1371 Tuis
1025 1348 1092 1381 nos,
1120 1340 1219 1381 virgo,
1246 1338 1395 1378 precibus

238 1387 289 1418 De
313 1390 345 1417 te
369 1386 522 1418 canticum
547 1384 674 1422 faciunt,
926 1386 1057 1418 Custodi
1081 1396 1100 1418 a
1123 1386 1284 1426 periculis,

237 1434 342 1473 Atque
363 1433 464 1465 sancti
488 1433 622 1471 apostoli
923 1432 989 1464 Fac
1014 1436 1046 1464 et
1068 1433 1102 1464 in
1126 1434 1188 1465 Dei
1211 1433 1360 1465 laudibus

238 1480 353 1512 Omnes
378 1481 413 1511 ut
436 1481 542 1510 natum
568 1480 711 1519 diligunt.
923 1479 989 1512 Nos
1014 1480 1132 1512 morari
1156 1481 1190 1513 111
1214 1481 1361 1514 saeculis.

180 1538 211 1568 4.
239 1536 263 1568 O
289 1536 358 1575 quis
383 1539 416 1566 te
439 1544 498 1566 non
528 1536 682 1575 diligeret,
865 1538 896 1570 9.
922 1536 966 1568 Et
991 1537 1152 1568 civitatem
1176 1540 1319 1577 protege,

237 1582 321 1614 Nata
343 1581 470 1614 maximi
493 1581 670 1621 principis?
923 1584 1059 1616 Cunctos
1084 1585 1117 1615 in
1143 1594 1181 1616 ea
1204 1584 1355 1625 liberans,

238 1629 312 1668 Quis
339 1630 378 1661 de
403 1632 435 1659 te
458 1638 519 1660 non
545 1628 726 1667 confideret,
922 1631 959 1662 In
985 1632 1090 1662 anima
1115 1635 1147 1663 et,
1173 1641 1306 1670 corpore

240 1677 325 1714 Quae
350 1680 381 1707 et,
406 1684 474 1706 cum
500 1679 591 1714 patre
614 1674 741 1715 aperis?
925 1677 974 1710 Sis
999 1686 1125 1717 semper
1148 1688 1205 1711 nos
1232 1679 1436 1719 coadjuvans

182 1733 211 1764 5.
240 1732 356 1764 Secura
379 1736 414 1763 tu
437 1732 637 1771 progrederis
857 1735 911 1767 10.
929 1733 1039 1766 Gloria
1062 1735 1131 1773 tibi,
1158 1735 1303 1778 Domine,

239 1779 300 1811 Per
325 1780 443 1811 coelum
468 1779 549 1810 sicut
574 1779 708 1815 domina,
923 1781 983 1821 Qui
1007 1781 1222 1821 Petronillam,
1248 1782 1347 1815 filiam

237 1826 315 1865 Quia
338 1830 371 1857 ut
396 1828 470 1857 nata
495 1826 647 1865 principis
923 1827 984 1860 Tui
1008 1829 1172 1870 principis,
1198 1830 1294 1862 hodie

237 1874 352 1913 Aperis
379 1873 457 1904 coeli
483 1873 571 1905 ostia.
923 1875 1059 1907 Induisti
1083 1877 1249 1910 laetitiam.

256 1949 339 1975 BreV.
366 1955 418 1974 ms.
442 1947 772 1975 Romano-Francicean.
798 1956 873 1976 saec.
896 1948 939 1977 15.
981 1949 1048 1977 (3οᾶΓ
1070 1952 1257 1987 Neapolitan.
1283 1953 1299 1980 Ι
1319 1954 1343 1981 Β
1369 1951 1416 1981 23.
1442 1969 1480 1973 -

180 1983 206 2020 2,
228 1983 245 2013 3
264 1986 319 2013 lies
340 1985 471 2012 summo?

610 2104 673 2135 387.
704 2104 747 2135 De
767 2107 872 2137 sancto
891 2107 1048 2139 Petronio.

652 2170 699 2200 Ad
718 2171 806 2210 Vesp.
827 2176 857 2202 et
874 2173 1002 2203 Laudes.

182 2239 211 2272 1.
237 2239 388 2271 Laetetur
412 2247 499 2270 mens
520 2238 661 2271 fidelium
857 2244 888 2276 2.
915 2243 972 2282 Qui
998 2247 1126 2282 spretae
1151 2246 1235 2278 vitae
1258 2247 1372 2280 merito

236 2286 325 2318 Festi
348 2287 453 2319 redire
478 2287 633 2327 gaudium,
917 2290 1003 2323 Coeli
1029 2291 1124 2324 cubat
1147 2293 1181 2325 in
1206 2294 1285 2326 solio

237 2334 273 2365 In
300 2343 359 2373 quo
384 2334 524 2366 Petronii
547 2336 660 2366 merita
914 2338 1069 2378 Angelica
1095 2342 1283 2373 commercia

238 2381 314 2414 Orbi
344 2380 500 2421 refulgent
525 2383 684 2421 praeclua.
913 2385 1009 2417 Lucri
1034 2396 1177 2420 mercans
1201 2390 1321 2429 inopia.
