1653 2622
714 132 972 170 2-281-

402 230 433 265 5.
456 227 593 269 Quorum
620 233 749 271 rogatus
775 230 867 266 furvo
892 232 968 264 hinc
994 233 1034 265 de
1058 235 1150 265 antro

455 277 592 318 Expulit
613 287 756 323 anguem,
782 290 803 313 a
827 289 887 322 quo
913 281 1114 321 arcebantur,

455 325 582 366 Rapido
608 336 657 359 cui
666 336 703 359 su
728 331 820 361 extra
842 328 907 360 illis
933 327 1036 361 factus

503 374 633 408 Virtute
658 375 787 409 Christi.

401 442 433 475 6.
454 440 532 474 Post,
555 441 631 474 hinc
654 450 713 481 per
737 442 837 475 trinos
862 451 960 474 annos
985 443 1019 475 in
1046 442 1161 475 divinis

456 488 622 522 Laudibus
647 498 765 522 vacans
791 489 966 530 virginibus
992 490 1139 531 gregatis,

457 536 540 576 Quas
567 539 599 569 et
622 538 776 569 instruxit
800 537 926 577 studiis,
951 538 984 570 in
1011 537 1123 579 quibus

503 584 600 617 Beari
626 587 751 625 queant.

403 653 434 686 7.
455 651 579 684 Torvus
607 651 722 684 deinde
747 651 922 692 spiculator
945 652 1015 684 adit

455 698 536 732 Eam
566 702 699 739 precatu
721 699 888 732 adlocutus
913 700 1032 744 sponsi,

455 746 503 778 Ut.
525 747 569 778 ad
594 747 750 779 culturam
773 746 935 779 numinum
960 746 1130 780 sanderum

506 793 648 826 Mentem
672 797 820 827 mutaret.

402 862 433 894 8.
454 861 620 900 imperiali
641 862 733 901 ¹jussu
758 870 865 893 ensem
892 861 1005 894 dextra

456 907 626 949 Laevaquc
650 911 789 951 gestans,
813 912 987 941 monstrum
1015 910 1254 952 exsecrandum,

457 955 524 995 Quo
550 959 693 988 sanctam
718 959 827 996 spreto
851 956 939 989 illico
963 958 1122 997 percussit

504 1002 623 1036 Infelix
651 1003 750 1036 illam.

399 1072 430 1104 9.
459 1069 574 1110 Sicque
604 1071 646 1103 ad
672 1071 753 1102 coeli
776 1070 902 1102 moenia
925 1070 1053 1113 volavit,

455 1116 638 1157 Martyrum
661 1117 757 1150 choro
782 1119 836 1158 pie
859 1118 1022 1158 socianda,

457 1164 620 1205 Virginum
647 1165 741 1198 sertis
766 1165 859 1197 simul
883 1165 1064 1204 inserenda,

504 1213 633 1254 Martyr
659 1213 774 1254 opima.

380 1280 434 1315 10,
460 1278 571 1311 Gloria
596 1280 674 1323 Deo,
702 1280 755 1319 qui
780 1279 897 1320 ubique
922 1282 1045 1319 potens„

459 1326 571 1360 Gloria
594 1331 669 1359 nato
694 1327 789 1359 simul
814 1331 909 1366 atque
934 1331 1043 1360 sancto

457 1374 591 1414 Spiritui
616 1376 661 1407 sit
684 1375 789 1407 omnia
813 1383 873 1415 per
897 1375 1003 1407 saecla

501 1422 564 1454 Hic
590 1426 622 1454 et
645 1423 676 1454 in
704 1431 824 1456 aevum.

252 1507 363 1542 Hymn.
390 1516 445 1534 ms.
471 1507 621 1535 Farfensis
650 1515 727 1535 saec.
746 1504 822 1535 1⁰}n.
868 1506 938 1534 Cui.
965 1507 1090 1535 Roman.
1116 1504 1179 1534 175.
1206 1507 1322 1535 Farfen.
1347 1506 1375 1535 4.
1395 1508 1430 1536 Α.
1457 1523 1495 1527 -

176 1546 286 1581 Hymn.
309 1554 363 1573 ms.
383 1545 533 1573 Farfensis
553 1554 629 1573 saec.
653 1543 695 1573 11.
736 1545 804 1573 (jod.
826 1546 962 1573 Tui-icen.
977 1545 1109 1573 RhenOV.
1129 1543 1174 1573 32.
1191 1546 1223 1573 B.
1280 1561 1281 1564 =
1302 1544 1328 1579 2,
1349 1544 1368 1574 3
1387 1545 1495 1582 collegi

174 1585 212 1620 133
234 1599 271 1603 —-
292 1584 471 1612 Anatholiae
490 1584 551 1611 AB.
571 1599 609 1603 —
630 1582 657 1619 4,
678 1581 699 1611 4
717 1584 830 1611 fovervt
848 1583 908 1611 AB.
929 1598 967 1602 —
987 1582 1013 1618 5,
1038 1581 1139 1611 lLies
1158 1585 1349 1612 artabantur?
1371 1599 1409 1604 —
1428 1583 1455 1618 7,
1475 1583 1496 1611 4

173 1623 274 1651 Mente
293 1623 325 1648 B.
348 1637 384 1641 —
399 1619 477 1689 l82‚13
498 1624 601 1650 sancta
620 1623 654 1650 B.
675 1636 713 1640 —
733 1620 764 1656 9,
786 1620 804 1649 2
825 1621 995 1650 sociandam
1014 1622 1048 1649 Β.
1069 1636 1107 1641 ——
1127 1622 1190 1650 Aus
1210 1623 1234 1651 Β
1253 1622 1303 1650 bei
1322 1623 1417 1651 Morel
1437 1620 1494 1650 322

172 1661 233 1688 und
252 1661 377 1689 Werner
455 1682 462 1689 .

610 1784 676 1816 477.
705 1783 748 1815 De
769 1783 879 1816 sancta
899 1782 1050 1815 Victoria.

175 1864 205 1898 1.
232 1864 305 1897 Jam
330 1863 414 1897 festa
439 1863 563 1905 fulgent
587 1874 693 1906 aurea,
864 1866 898 1898 4.
925 1864 1016 1903 Quod
1042 1864 1163 1904 sprevit
1187 1865 1340 1897 Anatolia

234 1912 322 1953 Quae
345 1913 454 1953 palma
479 1914 615 1953 compsit
638 1913 760 1954 inclita,
926 1911 1052 1944 Christo
1076 1912 1232 1951 pudorem
1260 1912 1412 1946 dedicans

233 1960 328 1994 Salvo
352 1961 477 2001 pudore
502 1961 651 2003 candida,
921 1959 1086 1999 Docetque
1108 1960 1155 1991 sic
1179 1960 1353 1993 Victoriam

230 2009 317 2043 Fuso
343 2018 456 2042 cruore
480 2008 615 2051 fulgida.
924 2007 1039 2048 sponsi
1066 2015 1180 2039 cavere
1205 2009 1328 2048 copula.

172 2078 206 2112 2.
234 2077 394 2110 Victorias
418 2077 585 2110 Victoriae
865 2077 895 2109 5.
921 2074 1050 2107 imbuta
1073 2083 1165 2107 sacro
1188 2074 1308 2107 famine

231 2124 352 2159 Christi
378 2134 527 2158 canamus
552 2125 670 2158 milites
922 2123 1013 2155 Tunc
1039 2122 1169 2154 castitas
1194 2123 1357 2156 Victoriae

228 2174 274 2207 Et
300 2173 431 2214 virginis
458 2173 632 2206 certamina
924 2170 1066 2203 Calcavit
1089 2171 1199 2203 mundi
1226 2170 1350 2205 lubrica

229 2223 409 2262 Pangamus
434 2222 538 2255 almae
563 2220 670 2255 fortia.
921 2218 967 2251 Et
990 2218 1152 2258 sanguinis
1180 2219 1359 2259 dispendia.

168 2290 201 2323 3.
226 2289 318 2322 Haec
341 2289 431 2330 virgo
458 2289 586 2322 missam
614 2288 769 2328 virginem
864 2286 895 2319 6.
923 2286 980 2328 Te,
1008 2285 1145 2324 Christe,
1172 2286 1266 2327 huJ'us
1291 2288 1403 2322 sedula

227 2337 365 2370 Moecho
390 2338 541 2378 pudicam
570 2337 699 2374 dedere,
921 2333 1030 2366 Solum
1056 2333 1170 2366 dilexit
1195 2335 1321 2377 caritas,

231 2385 304 2418 Non
330 2393 401 2417 esse
426 2387 546 2418 crimen
572 2389 739 2418 autumans
921 2381 967 2413 Te
989 2382 1172 2422 concupivit
1195 2384 1300 2424 anxia,

226 2432 322 2467 Proci
343 2434 411 2473 pati
438 2433 605 2466 connubia.
921 2429 1094 2462 Tormenta
1117 2431 1190 2463 risit
1212 2434 1405 2474 promptula.
