<?xml version="1.0" encoding="UTF-8"?>
<!DOCTYPE html PUBLIC "-//W3C//DTD XHTML 1.0 Transitional//EN"
    "http://www.w3.org/TR/xhtml1/DTD/xhtml1-transitional.dtd">
<html xmlns="http://www.w3.org/1999/xhtml" xml:lang="en" lang="en">
 <head>
  <title>
</title>
<meta http-equiv="Content-Type" content="text/html;charset=utf-8" />
  <meta name='ocr-system' content='tesseract 3.04.00' />
  <meta name='ocr-capabilities' content='ocr_page ocr_carea ocr_par ocr_line ocrx_word'/>
</head>
<body>
  <div class='ocr_page' id='page_1' title='image "./analectahymnica22drevuoft_00264.png"; bbox 0 0 1651 2621; ppageno 0'>
   <div class='ocr_carea' id='block_1_1' title="bbox 713 113 973 151">
    <p class='ocr_par' dir='ltr' id='par_1_1' title="bbox 713 113 973 151">
     <span class='ocr_line' id='line_1_1' title="bbox 713 113 973 151; baseline 0 0"><span class='ocrx_word' id='word_1_1' title='bbox 713 113 973 151; x_wconf 49' lang='grc' dir='ltr'>-261--ἡ</span> 
     </span>
    </p>
   </div>
   <div class='ocr_carea' id='block_1_2' title="bbox 544 235 1145 347">
    <p class='ocr_par' dir='ltr' id='par_1_2' title="bbox 544 235 1145 347">
     <span class='ocr_line' id='line_1_2' title="bbox 544 235 1145 280; baseline 0.005 -13"><span class='ocrx_word' id='word_1_2' title='bbox 544 235 609 269; x_wconf 83' lang='grc'>441.</span> <span class='ocrx_word' id='word_1_3' title='bbox 642 237 676 269; x_wconf 86' lang='lat' dir='ltr'>In</span> <span class='ocrx_word' id='word_1_4' title='bbox 699 237 920 271; x_wconf 75' lang='lat' dir='ltr'>Translatione</span> <span class='ocrx_word' id='word_1_5' title='bbox 941 248 965 271; x_wconf 90' lang='lat' dir='ltr'>s.</span> <span class='ocrx_word' id='word_1_6' title='bbox 986 238 1145 280; x_wconf 79' lang='lat' dir='ltr'>Stephani.</span> 
     </span>
     <span class='ocr_line' id='line_1_3' title="bbox 741 316 938 347; baseline 0 -1"><span class='ocrx_word' id='word_1_7' title='bbox 741 317 791 347; x_wconf 91' lang='lat' dir='ltr'>Ad</span> <span class='ocrx_word' id='word_1_8' title='bbox 810 316 938 347; x_wconf 82' lang='lat' dir='ltr'>Laudes.</span> 
     </span>
    </p>
   </div>
   <div class='ocr_carea' id='block_1_3' title="bbox 204 392 807 622">
    <p class='ocr_par' dir='ltr' id='par_1_3' title="bbox 204 392 807 622">
     <span class='ocr_line' id='line_1_4' title="bbox 204 392 795 439; baseline 0.01 -16"><span class='ocrx_word' id='word_1_9' title='bbox 204 416 211 423; x_wconf 96' lang='lat'>.</span> <span class='ocrx_word' id='word_1_10' title='bbox 238 392 320 424; x_wconf 86' lang='lat' dir='ltr'>Vox</span> <span class='ocrx_word' id='word_1_11' title='bbox 348 393 472 434; x_wconf 81' lang='lat' dir='ltr'>clara,</span> <span class='ocrx_word' id='word_1_12' title='bbox 500 403 607 439; x_wconf 80' lang='lat' dir='ltr'>eece,</span> <span class='ocrx_word' id='word_1_13' title='bbox 633 396 795 429; x_wconf 75' lang='lat' dir='ltr'>intonat</span> 
     </span>
     <span class='ocr_line' id='line_1_5' title="bbox 236 438 696 485; baseline 0.009 -13"><span class='ocrx_word' id='word_1_14' title='bbox 236 438 373 472; x_wconf 81' lang='lat' dir='ltr'>Mollitis</span> <span class='ocrx_word' id='word_1_15' title='bbox 397 442 529 481; x_wconf 78' lang='lat' dir='ltr'>placens</span> <span class='ocrx_word' id='word_1_16' title='bbox 552 443 696 485; x_wconf 70' lang='lat' dir='ltr'>vocibus,</span> 
     </span>
     <span class='ocr_line' id='line_1_6' title="bbox 239 487 807 536; baseline 0.011 -18"><span class='ocrx_word' id='word_1_17' title='bbox 239 487 333 519; x_wconf 75' lang='lat' dir='ltr'>Plebs</span> <span class='ocrx_word' id='word_1_18' title='bbox 353 487 478 521; x_wconf 82' lang='lat' dir='ltr'>Christo</span> <span class='ocrx_word' id='word_1_19' title='bbox 503 491 615 523; x_wconf 87' lang='lat' dir='ltr'>laudes</span> <span class='ocrx_word' id='word_1_20' title='bbox 638 492 807 536; x_wconf 72' lang='lat' dir='ltr'>condonat,</span> 
     </span>
     <span class='ocr_line' id='line_1_7' title="bbox 238 535 807 571; baseline 0.009 -5"><span class='ocrx_word' id='word_1_21' title='bbox 238 535 444 569; x_wconf 76' lang='lat' dir='ltr'>Exsultet</span> <span class='ocrx_word' id='word_1_22' title='bbox 501 539 662 570; x_wconf 84' lang='lat' dir='ltr'>eoelum</span> <span class='ocrx_word' id='word_1_23' title='bbox 716 539 807 571; x_wconf 79' lang='lat' dir='ltr'>lau-</span> 
     </span>
     <span class='ocr_line' id='line_1_8' title="bbox 583 586 717 622; baseline 0.022 -4"><span class='ocrx_word' id='word_1_24' title='bbox 583 586 717 622; x_wconf 73' lang='lat' dir='ltr'>dibus,</span> 
     </span>
    </p>
   </div>
   <div class='ocr_carea' id='block_1_4' title="bbox 870 396 1457 438">
    <p class='ocr_par' dir='ltr' id='par_1_4' title="bbox 870 396 1457 438">
     <span class='ocr_line' id='line_1_9' title="bbox 870 396 1457 438; baseline -0.002 -9"><span class='ocrx_word' id='word_1_25' title='bbox 870 399 900 430; x_wconf 88' lang='lat'>3.</span> <span class='ocrx_word' id='word_1_26' title='bbox 927 396 1094 429; x_wconf 86' lang='lat' dir='ltr'>Solutis</span> <span class='ocrx_word' id='word_1_27' title='bbox 1117 398 1202 437; x_wconf 85' lang='lat' dir='ltr'>jam</span> <span class='ocrx_word' id='word_1_28' title='bbox 1225 396 1457 438; x_wconf 76' lang='lat' dir='ltr'>gemitibus</span> 
     </span>
    </p>
   </div>
   <div class='ocr_carea' id='block_1_5' title="bbox 926 445 1461 572">
    <p class='ocr_par' dir='ltr' id='par_1_5' title="bbox 926 445 1461 572">
     <span class='ocr_line' id='line_1_10' title="bbox 926 445 1288 485; baseline -0.006 -7"><span class='ocrx_word' id='word_1_29' title='bbox 926 445 1016 478; x_wconf 81' lang='lat' dir='ltr'>Tuae</span> <span class='ocrx_word' id='word_1_30' title='bbox 1038 446 1167 477; x_wconf 72' lang='lat' dir='ltr'>virtutis</span> <span class='ocrx_word' id='word_1_31' title='bbox 1191 454 1288 485; x_wconf 85' lang='lat' dir='ltr'>opere</span> 
     </span>
     <span class='ocr_line' id='line_1_11' title="bbox 926 492 1437 525; baseline 0 0"><span class='ocrx_word' id='word_1_32' title='bbox 926 492 993 525; x_wconf 89' lang='lat' dir='ltr'>Das</span> <span class='ocrx_word' id='word_1_33' title='bbox 1019 493 1204 524; x_wconf 84' lang='lat' dir='ltr'>daemonem</span> <span class='ocrx_word' id='word_1_34' title='bbox 1230 492 1437 525; x_wconf 85' lang='lat' dir='ltr'>daemonibus</span> 
     </span>
     <span class='ocr_line' id='line_1_12' title="bbox 928 539 1461 572; baseline -0.002 0"><span class='ocrx_word' id='word_1_35' title='bbox 928 539 1017 572; x_wconf 76' lang='lat' dir='ltr'>Jam</span> <span class='ocrx_word' id='word_1_36' title='bbox 1042 541 1158 572; x_wconf 85' lang='lat' dir='ltr'>lucis</span> <span class='ocrx_word' id='word_1_37' title='bbox 1183 543 1280 572; x_wconf 79' lang='lat' dir='ltr'>orto</span> <span class='ocrx_word' id='word_1_38' title='bbox 1305 540 1461 572; x_wconf 79' lang='lat' dir='ltr'>sidere.</span> 
     </span>
    </p>
   </div>
   <div class='ocr_carea' id='block_1_6' title="bbox 207 658 1497 702">
    <p class='ocr_par' dir='ltr' id='par_1_6' title="bbox 207 658 1497 702">
     <span class='ocr_line' id='line_1_13' title="bbox 207 658 1497 702; baseline 0.004 -12"><span class='ocrx_word' id='word_1_39' title='bbox 207 685 213 691; x_wconf 95' lang='lat'>.</span> <span class='ocrx_word' id='word_1_40' title='bbox 240 658 399 692; x_wconf 83' lang='lat' dir='ltr'>Novum</span> <span class='ocrx_word' id='word_1_41' title='bbox 429 669 563 701; x_wconf 83' lang='lat' dir='ltr'>genus</span> <span class='ocrx_word' id='word_1_42' title='bbox 586 663 811 702; x_wconf 80' lang='lat' dir='ltr'>potentiae</span> <span class='ocrx_word' id='word_1_43' title='bbox 869 664 902 698; x_wconf 85' lang='lat'>4.</span> <span class='ocrx_word' id='word_1_44' title='bbox 925 663 1084 696; x_wconf 79' lang='lat' dir='ltr'>Gaudet</span> <span class='ocrx_word' id='word_1_45' title='bbox 1106 664 1244 696; x_wconf 81' lang='lat' dir='ltr'>chorus</span> <span class='ocrx_word' id='word_1_46' title='bbox 1264 664 1497 696; x_wconf 83' lang='lat' dir='ltr'>coelestium</span> 
     </span>
    </p>
   </div>
   <div class='ocr_carea' id='block_1_7' title="bbox 238 706 809 845">
    <p class='ocr_par' dir='ltr' id='par_1_7' title="bbox 238 706 809 845">
     <span class='ocr_line' id='line_1_14' title="bbox 240 706 651 750; baseline 0.01 -12"><span class='ocrx_word' id='word_1_47' title='bbox 240 706 327 738; x_wconf 76' lang='lat' dir='ltr'>Voce</span> <span class='ocrx_word' id='word_1_48' title='bbox 352 708 500 740; x_wconf 78' lang='lat' dir='ltr'>draconis</span> <span class='ocrx_word' id='word_1_49' title='bbox 523 709 651 750; x_wconf 80' lang='lat' dir='ltr'>legitur,</span> 
     </span>
     <span class='ocr_line' id='line_1_15' title="bbox 239 754 561 794; baseline 0.003 -8"><span class='ocrx_word' id='word_1_50' title='bbox 239 754 448 794; x_wconf 81' lang='lat' dir='ltr'>Imperatoris</span> <span class='ocrx_word' id='word_1_51' title='bbox 474 755 561 789; x_wconf 89' lang='lat' dir='ltr'>filiae</span> 
     </span>
     <span class='ocr_line' id='line_1_16' title="bbox 238 802 809 845; baseline 0.007 -11"><span class='ocrx_word' id='word_1_52' title='bbox 238 802 269 834; x_wconf 78' lang='lat' dir='ltr'>E</span> <span class='ocrx_word' id='word_1_53' title='bbox 299 811 451 835; x_wconf 82' lang='lat' dir='ltr'>sursum</span> <span class='ocrx_word' id='word_1_54' title='bbox 477 813 601 845; x_wconf 85' lang='lat' dir='ltr'>agnus</span> <span class='ocrx_word' id='word_1_55' title='bbox 624 805 809 838; x_wconf 82' lang='lat' dir='ltr'>mittitur.</span> 
     </span>
    </p>
   </div>
   <div class='ocr_carea' id='block_1_8' title="bbox 928 710 1475 850">
    <p class='ocr_par' dir='ltr' id='par_1_8' title="bbox 928 710 1475 850">
     <span class='ocr_line' id='line_1_17' title="bbox 928 710 1229 755; baseline -0.007 -11"><span class='ocrx_word' id='word_1_56' title='bbox 928 711 1056 744; x_wconf 78' lang='lat' dir='ltr'>Unione</span> <span class='ocrx_word' id='word_1_57' title='bbox 1080 710 1229 755; x_wconf 81' lang='lat' dir='ltr'>mirabili,</span> 
     </span>
     <span class='ocr_line' id='line_1_18' title="bbox 928 758 1415 799; baseline -0.002 -9"><span class='ocrx_word' id='word_1_58' title='bbox 928 759 1055 791; x_wconf 87' lang='lat' dir='ltr'>Mentes</span> <span class='ocrx_word' id='word_1_59' title='bbox 1081 760 1241 791; x_wconf 80' lang='lat' dir='ltr'>exsultant</span> <span class='ocrx_word' id='word_1_60' title='bbox 1265 758 1415 799; x_wconf 85' lang='lat' dir='ltr'>gentium,</span> 
     </span>
     <span class='ocr_line' id='line_1_19' title="bbox 929 805 1475 850; baseline -0.004 -12"><span class='ocrx_word' id='word_1_61' title='bbox 929 806 1047 850; x_wconf 63' lang='grc' dir='ltr'>ἔθει),</span> <span class='ocrx_word' id='word_1_62' title='bbox 1075 807 1273 839; x_wconf 82' lang='lat' dir='ltr'>salvator</span> <span class='ocrx_word' id='word_1_63' title='bbox 1297 805 1475 838; x_wconf 78' lang='lat' dir='ltr'>saeculi.</span> 
     </span>
    </p>
   </div>
   <div class='ocr_carea' id='block_1_9' title="bbox 490 879 1145 1063">
    <p class='ocr_par' dir='ltr' id='par_1_9' title="bbox 490 879 1145 1063">
     <span class='ocr_line' id='line_1_20' title="bbox 490 879 1145 923; baseline 0.003 -11"><span class='ocrx_word' id='word_1_64' title='bbox 490 881 522 913; x_wconf 83' lang='lat'>5.</span> <span class='ocrx_word' id='word_1_65' title='bbox 549 879 777 913; x_wconf 84' lang='lat' dir='ltr'>Scrutator</span> <span class='ocrx_word' id='word_1_66' title='bbox 802 882 909 914; x_wconf 84' lang='lat' dir='ltr'>alme</span> <span class='ocrx_word' id='word_1_67' title='bbox 935 883 1145 923; x_wconf 83' lang='lat' dir='ltr'>cordium,</span> 
     </span>
     <span class='ocr_line' id='line_1_21' title="bbox 547 927 960 969; baseline 0.007 -11"><span class='ocrx_word' id='word_1_68' title='bbox 547 928 605 966; x_wconf 76' lang='lat' dir='ltr'>Qui</span> <span class='ocrx_word' id='word_1_69' title='bbox 633 927 749 960; x_wconf 82' lang='lat' dir='ltr'>diceris</span> <span class='ocrx_word' id='word_1_70' title='bbox 775 930 960 969; x_wconf 77' lang='lat' dir='ltr'>paraclitus,</span> 
     </span>
     <span class='ocr_line' id='line_1_22' title="bbox 548 974 963 1020; baseline 0.005 -14"><span class='ocrx_word' id='word_1_71' title='bbox 548 974 600 1006; x_wconf 84' lang='lat' dir='ltr'>Sis</span> <span class='ocrx_word' id='word_1_72' title='bbox 625 976 717 1007; x_wconf 83' lang='lat' dir='ltr'>nobis</span> <span class='ocrx_word' id='word_1_73' title='bbox 740 976 774 1007; x_wconf 89' lang='lat' dir='ltr'>in</span> <span class='ocrx_word' id='word_1_74' title='bbox 800 977 963 1020; x_wconf 68' lang='lat' dir='ltr'>auxilium,</span> 
     </span>
     <span class='ocr_line' id='line_1_23' title="bbox 544 1023 1089 1063; baseline 0 -8"><span class='ocrx_word' id='word_1_75' title='bbox 544 1023 666 1063; x_wconf 70' lang='lat' dir='ltr'>Veni,</span> <span class='ocrx_word' id='word_1_76' title='bbox 695 1028 867 1056; x_wconf 82' lang='lat' dir='ltr'>creator</span> <span class='ocrx_word' id='word_1_77' title='bbox 891 1024 1089 1063; x_wconf 81' lang='lat' dir='ltr'>spiritus.</span> 
     </span>
    </p>
   </div>
   <div class='ocr_carea' id='block_1_10' title="bbox 257 1104 1286 1143">
    <p class='ocr_par' dir='ltr' id='par_1_10' title="bbox 257 1104 1286 1143">
     <span class='ocr_line' id='line_1_24' title="bbox 257 1104 1286 1143; baseline 0.001 -11"><span class='ocrx_word' id='word_1_78' title='bbox 257 1105 343 1132; x_wconf 81' lang='lat' dir='ltr'>Brev.</span> <span class='ocrx_word' id='word_1_79' title='bbox 366 1104 539 1141; x_wconf 80' lang='lat' dir='ltr'>Capuanum</span> <span class='ocrx_word' id='word_1_80' title='bbox 559 1107 629 1142; x_wconf 84' lang='lat' dir='ltr'>imp.</span> <span class='ocrx_word' id='word_1_81' title='bbox 652 1106 771 1143; x_wconf 81' lang='lat' dir='ltr'>Capuae</span> <span class='ocrx_word' id='word_1_82' title='bbox 793 1105 874 1135; x_wconf 55' lang='lat'>1439.</span> <span class='ocrx_word' id='word_1_83' title='bbox 955 1106 979 1141; x_wconf 86' lang='lat'>1,</span> <span class='ocrx_word' id='word_1_84' title='bbox 1001 1104 1018 1134; x_wconf 80' lang='grc'><strong>3</strong></span> <span class='ocrx_word' id='word_1_85' title='bbox 1038 1105 1140 1135; x_wconf 78' lang='lat' dir='ltr'>Proles</span> <span class='ocrx_word' id='word_1_86' title='bbox 1161 1107 1286 1136; x_wconf 70' lang='lat' dir='ltr'>Christo.</span> 
     </span>
    </p>
   </div>
   <div class='ocr_carea' id='block_1_11' title="bbox 652 1275 1034 1391">
    <p class='ocr_par' dir='ltr' id='par_1_11' title="bbox 652 1275 1034 1391">
     <span class='ocr_line' id='line_1_25' title="bbox 652 1275 1034 1315; baseline 0.003 -9"><span class='ocrx_word' id='word_1_87' title='bbox 652 1275 722 1306; x_wconf 74' lang='grc'>442.</span> <span class='ocrx_word' id='word_1_88' title='bbox 754 1276 798 1307; x_wconf 75' lang='lat' dir='ltr'>De</span> <span class='ocrx_word' id='word_1_89' title='bbox 818 1277 926 1307; x_wconf 82' lang='lat' dir='ltr'>saneto</span> <span class='ocrx_word' id='word_1_90' title='bbox 946 1275 1034 1315; x_wconf 82' lang='lat' dir='ltr'>Syro.</span> 
     </span>
     <span class='ocr_line' id='line_1_26' title="bbox 679 1352 997 1391; baseline -0.003 -9"><span class='ocrx_word' id='word_1_91' title='bbox 679 1353 728 1383; x_wconf 82' lang='lat' dir='ltr'>Ad</span> <span class='ocrx_word' id='word_1_92' title='bbox 747 1353 837 1391; x_wconf 81' lang='lat' dir='ltr'>Vesp.</span> <span class='ocrx_word' id='word_1_93' title='bbox 863 1356 892 1382; x_wconf 81' lang='lat' dir='ltr'>et</span> <span class='ocrx_word' id='word_1_94' title='bbox 910 1352 997 1382; x_wconf 80' lang='lat' dir='ltr'>Noet.</span> 
     </span>
    </p>
   </div>
   <div class='ocr_carea' id='block_1_12' title="bbox 183 1430 774 1608">
    <p class='ocr_par' dir='ltr' id='par_1_12' title="bbox 183 1430 774 1608">
     <span class='ocr_line' id='line_1_27' title="bbox 183 1430 658 1464; baseline 0 0"><span class='ocrx_word' id='word_1_95' title='bbox 183 1430 215 1464; x_wconf 81' lang='lat'>1.</span> <span class='ocrx_word' id='word_1_96' title='bbox 242 1431 370 1463; x_wconf 79' lang='lat' dir='ltr'>Laudet</span> <span class='ocrx_word' id='word_1_97' title='bbox 393 1435 496 1464; x_wconf 82' lang='lat' dir='ltr'>mater</span> <span class='ocrx_word' id='word_1_98' title='bbox 523 1434 658 1464; x_wconf 72' lang='lat' dir='ltr'>eeclesia</span> 
     </span>
     <span class='ocr_line' id='line_1_28' title="bbox 243 1478 764 1520; baseline 0 -9"><span class='ocrx_word' id='word_1_99' title='bbox 243 1478 414 1520; x_wconf 77' lang='lat' dir='ltr'><strong>Christum,</strong></span> <span class='ocrx_word' id='word_1_100' title='bbox 441 1481 548 1513; x_wconf 88' lang='lat' dir='ltr'>lumen</span> <span class='ocrx_word' id='word_1_101' title='bbox 574 1481 614 1512; x_wconf 90' lang='lat' dir='ltr'>de</span> <span class='ocrx_word' id='word_1_102' title='bbox 636 1480 764 1518; x_wconf 86' lang='lat' dir='ltr'>lumine,</span> 
     </span>
     <span class='ocr_line' id='line_1_29' title="bbox 242 1526 774 1567; baseline 0.002 -9"><span class='ocrx_word' id='word_1_103' title='bbox 242 1526 303 1565; x_wconf 70' lang='lat' dir='ltr'>Qui</span> <span class='ocrx_word' id='word_1_104' title='bbox 327 1535 385 1558; x_wconf 91' lang='lat' dir='ltr'>nos</span> <span class='ocrx_word' id='word_1_105' title='bbox 409 1536 469 1567; x_wconf 83' lang='lat' dir='ltr'>per</span> <span class='ocrx_word' id='word_1_106' title='bbox 494 1532 621 1560; x_wconf 80' lang='lat' dir='ltr'>sanctos</span> <span class='ocrx_word' id='word_1_107' title='bbox 645 1528 774 1560; x_wconf 84' lang='lat' dir='ltr'>inclitos</span> 
     </span>
     <span class='ocr_line' id='line_1_30' title="bbox 243 1573 613 1608; baseline 0.005 -3"><span class='ocrx_word' id='word_1_108' title='bbox 243 1573 305 1606; x_wconf 83' lang='lat' dir='ltr'>Suo</span> <span class='ocrx_word' id='word_1_109' title='bbox 335 1575 450 1606; x_wconf 78' lang='lat' dir='ltr'>ditavit</span> <span class='ocrx_word' id='word_1_110' title='bbox 474 1584 613 1608; x_wconf 88' lang='lat' dir='ltr'>munere.</span> 
     </span>
    </p>
   </div>
   <div class='ocr_carea' id='block_1_13' title="bbox 874 1432 1459 1615">
    <p class='ocr_par' dir='ltr' id='par_1_13' title="bbox 874 1432 1459 1615">
     <span class='ocr_line' id='line_1_31' title="bbox 874 1432 1318 1471; baseline -0.007 -5"><span class='ocrx_word' id='word_1_111' title='bbox 874 1435 906 1466; x_wconf 78' lang='lat'>5.</span> <span class='ocrx_word' id='word_1_112' title='bbox 931 1432 1014 1464; x_wconf 83' lang='lat' dir='ltr'>Istos</span> <span class='ocrx_word' id='word_1_113' title='bbox 1039 1432 1132 1464; x_wconf 86' lang='lat' dir='ltr'>binos</span> <span class='ocrx_word' id='word_1_114' title='bbox 1157 1432 1318 1471; x_wconf 82' lang='lat' dir='ltr'>apostolos</span> 
     </span>
     <span class='ocr_line' id='line_1_32' title="bbox 931 1479 1459 1518; baseline -0.002 -6"><span class='ocrx_word' id='word_1_115' title='bbox 931 1481 984 1512; x_wconf 88' lang='lat' dir='ltr'>Ad</span> <span class='ocrx_word' id='word_1_116' title='bbox 1010 1489 1067 1511; x_wconf 91' lang='lat' dir='ltr'>nos</span> <span class='ocrx_word' id='word_1_117' title='bbox 1093 1480 1269 1511; x_wconf 76' lang='lat' dir='ltr'>transmisit</span> <span class='ocrx_word' id='word_1_118' title='bbox 1296 1479 1459 1518; x_wconf 84' lang='lat' dir='ltr'>Dominus,</span> 
     </span>
     <span class='ocr_line' id='line_1_33' title="bbox 932 1527 1332 1560; baseline -0.005 0"><span class='ocrx_word' id='word_1_119' title='bbox 932 1527 1065 1560; x_wconf 84' lang='lat' dir='ltr'>Caterva</span> <span class='ocrx_word' id='word_1_120' title='bbox 1094 1528 1182 1558; x_wconf 77' lang='lat' dir='ltr'>venit</span> <span class='ocrx_word' id='word_1_121' title='bbox 1207 1527 1332 1558; x_wconf 55' lang='lat' dir='ltr'>ebriam</span> 
     </span>
     <span class='ocr_line' id='line_1_34' title="bbox 930 1574 1445 1615; baseline 0 -9"><span class='ocrx_word' id='word_1_122' title='bbox 930 1574 1124 1607; x_wconf 62' lang='lat' dir='ltr'>Exelanians</span> <span class='ocrx_word' id='word_1_123' title='bbox 1149 1575 1271 1615; x_wconf 82' lang='lat' dir='ltr'>magnis</span> <span class='ocrx_word' id='word_1_124' title='bbox 1296 1574 1445 1607; x_wconf 83' lang='lat' dir='ltr'>vocibus:</span> 
     </span>
    </p>
   </div>
   <div class='ocr_carea' id='block_1_14' title="bbox 183 1650 1369 1835">
    <p class='ocr_par' dir='ltr' id='par_1_14' title="bbox 183 1650 1369 1835">
     <span class='ocr_line' id='line_1_35' title="bbox 183 1650 1324 1693; baseline -0.001 -10"><span class='ocrx_word' id='word_1_125' title='bbox 183 1650 215 1684; x_wconf 80' lang='lat'>2.</span> <span class='ocrx_word' id='word_1_126' title='bbox 241 1650 393 1683; x_wconf 81' lang='lat' dir='ltr'>Exsultet</span> <span class='ocrx_word' id='word_1_127' title='bbox 417 1652 602 1691; x_wconf 79' lang='lat' dir='ltr'>specialiter</span> <span class='ocrx_word' id='word_1_128' title='bbox 874 1653 905 1685; x_wconf 88' lang='grc'>6.</span> <span class='ocrx_word' id='word_1_129' title='bbox 931 1651 1116 1693; x_wconf 82' lang='lat' dir='ltr'>Ingredere,</span> <span class='ocrx_word' id='word_1_130' title='bbox 1143 1651 1324 1691; x_wconf 83' lang='lat' dir='ltr'>ingredere,</span> 
     </span>
     <span class='ocr_line' id='line_1_36' title="bbox 242 1697 1289 1740; baseline -0.002 -8"><span class='ocrx_word' id='word_1_131' title='bbox 242 1697 329 1732; x_wconf 74' lang='lat' dir='ltr'>Urbs</span> <span class='ocrx_word' id='word_1_132' title='bbox 353 1698 533 1731; x_wconf 82' lang='lat' dir='ltr'>Tioinensis</span> <span class='ocrx_word' id='word_1_133' title='bbox 557 1700 670 1740; x_wconf 80' lang='lat' dir='ltr'>populi</span> <span class='ocrx_word' id='word_1_134' title='bbox 930 1700 1028 1732; x_wconf 83' lang='lat' dir='ltr'>Pater</span> <span class='ocrx_word' id='word_1_135' title='bbox 1055 1698 1289 1739; x_wconf 76' lang='lat' dir='ltr'>desiderabilis,</span> 
     </span>
     <span class='ocr_line' id='line_1_37' title="bbox 242 1745 1369 1780; baseline 0.003 -4"><span class='ocrx_word' id='word_1_136' title='bbox 242 1746 281 1777; x_wconf 89' lang='lat' dir='ltr'>In</span> <span class='ocrx_word' id='word_1_137' title='bbox 307 1745 389 1779; x_wconf 84' lang='lat' dir='ltr'>festo</span> <span class='ocrx_word' id='word_1_138' title='bbox 415 1748 630 1780; x_wconf 71' lang='lat' dir='ltr'>sacratissimo</span> <span class='ocrx_word' id='word_1_139' title='bbox 932 1746 977 1779; x_wconf 82' lang='lat' dir='ltr'>Et</span> <span class='ocrx_word' id='word_1_140' title='bbox 1000 1755 1058 1778; x_wconf 91' lang='lat' dir='ltr'>nos</span> <span class='ocrx_word' id='word_1_141' title='bbox 1084 1749 1227 1779; x_wconf 82' lang='lat' dir='ltr'>errantes</span> <span class='ocrx_word' id='word_1_142' title='bbox 1252 1755 1369 1779; x_wconf 80' lang='lat' dir='ltr'>revoca</span> 
     </span>
     <span class='ocr_line' id='line_1_38' title="bbox 243 1792 1332 1835; baseline 0.004 -11"><span class='ocrx_word' id='word_1_143' title='bbox 243 1792 328 1834; x_wconf 82' lang='lat' dir='ltr'>Syri,</span> <span class='ocrx_word' id='word_1_144' title='bbox 353 1795 482 1834; x_wconf 85' lang='lat' dir='ltr'>patroni</span> <span class='ocrx_word' id='word_1_145' title='bbox 505 1796 642 1835; x_wconf 81' lang='lat' dir='ltr'>proprii.</span> <span class='ocrx_word' id='word_1_146' title='bbox 931 1794 1009 1826; x_wconf 83' lang='lat' dir='ltr'>Tuis</span> <span class='ocrx_word' id='word_1_147' title='bbox 1034 1795 1169 1827; x_wconf 74' lang='lat' dir='ltr'>sacratis</span> <span class='ocrx_word' id='word_1_148' title='bbox 1191 1794 1332 1828; x_wconf 79' lang='lat' dir='ltr'>monitis.</span> 
     </span>
    </p>
   </div>
   <div class='ocr_carea' id='block_1_15' title="bbox 184 1869 1426 2055">
    <p class='ocr_par' dir='ltr' id='par_1_15' title="bbox 184 1869 1426 2055">
     <span class='ocr_line' id='line_1_39' title="bbox 184 1869 1324 1910; baseline -0.001 -7"><span class='ocrx_word' id='word_1_149' title='bbox 184 1870 217 1903; x_wconf 81' lang='lat'>3.</span> <span class='ocrx_word' id='word_1_150' title='bbox 244 1871 318 1903; x_wconf 78' lang='lat' dir='ltr'>Jam</span> <span class='ocrx_word' id='word_1_151' title='bbox 342 1880 362 1902; x_wconf 92' lang='lat' dir='ltr'>a</span> <span class='ocrx_word' id='word_1_152' title='bbox 388 1869 515 1902; x_wconf 88' lang='lat' dir='ltr'>Christo</span> <span class='ocrx_word' id='word_1_153' title='bbox 538 1871 572 1903; x_wconf 87' lang='lat' dir='ltr'>in</span> <span class='ocrx_word' id='word_1_154' title='bbox 597 1870 768 1910; x_wconf 83' lang='lat' dir='ltr'>Simonem,</span> <span class='ocrx_word' id='word_1_155' title='bbox 875 1873 906 1905; x_wconf 82' lang='grc'>’7.</span> <span class='ocrx_word' id='word_1_156' title='bbox 933 1871 980 1904; x_wconf 75' lang='lat' dir='ltr'>Ut</span> <span class='ocrx_word' id='word_1_157' title='bbox 1003 1873 1096 1909; x_wconf 83' lang='lat' dir='ltr'>pater</span> <span class='ocrx_word' id='word_1_158' title='bbox 1120 1870 1324 1902; x_wconf 81' lang='lat' dir='ltr'>beatissimus</span> 
     </span>
     <span class='ocr_line' id='line_1_40' title="bbox 243 1916 1422 1959; baseline -0.001 -9"><span class='ocrx_word' id='word_1_159' title='bbox 243 1918 322 1950; x_wconf 82' lang='lat' dir='ltr'>Post</span> <span class='ocrx_word' id='word_1_160' title='bbox 345 1916 492 1950; x_wconf 78' lang='lat' dir='ltr'>Marcum</span> <span class='ocrx_word' id='word_1_161' title='bbox 518 1919 552 1950; x_wconf 89' lang='lat' dir='ltr'>in</span> <span class='ocrx_word' id='word_1_162' title='bbox 578 1918 798 1958; x_wconf 83' lang='lat' dir='ltr'>Armagoram,</span> <span class='ocrx_word' id='word_1_163' title='bbox 935 1918 1014 1950; x_wconf 84' lang='lat' dir='ltr'>Post</span> <span class='ocrx_word' id='word_1_164' title='bbox 1034 1918 1066 1949; x_wconf 92' lang='lat' dir='ltr'>in</span> <span class='ocrx_word' id='word_1_165' title='bbox 1092 1917 1204 1949; x_wconf 89' lang='lat' dir='ltr'>urbem</span> <span class='ocrx_word' id='word_1_166' title='bbox 1229 1918 1422 1959; x_wconf 82' lang='lat' dir='ltr'>ingreditur,</span> 
     </span>
     <span class='ocr_line' id='line_1_41' title="bbox 243 1963 1426 2007; baseline -0.001 -9"><span class='ocrx_word' id='word_1_167' title='bbox 243 1965 326 1998; x_wconf 79' lang='lat' dir='ltr'>Inde</span> <span class='ocrx_word' id='word_1_168' title='bbox 351 1966 519 1998; x_wconf 80' lang='lat' dir='ltr'>deseendit</span> <span class='ocrx_word' id='word_1_169' title='bbox 544 1967 648 2007; x_wconf 77' lang='lat' dir='ltr'>gratia</span> <span class='ocrx_word' id='word_1_170' title='bbox 935 1965 1045 1998; x_wconf 82' lang='lat' dir='ltr'>Omnis</span> <span class='ocrx_word' id='word_1_171' title='bbox 1068 1963 1214 1997; x_wconf 82' lang='lat' dir='ltr'>infirmus</span> <span class='ocrx_word' id='word_1_172' title='bbox 1238 1966 1426 2005; x_wconf 74' lang='lat' dir='ltr'>supplicans</span> 
     </span>
     <span class='ocr_line' id='line_1_42' title="bbox 244 2013 1251 2055; baseline -0.001 -8"><span class='ocrx_word' id='word_1_173' title='bbox 244 2015 281 2047; x_wconf 89' lang='lat' dir='ltr'>In</span> <span class='ocrx_word' id='word_1_174' title='bbox 308 2013 422 2055; x_wconf 86' lang='lat' dir='ltr'>Syrum</span> <span class='ocrx_word' id='word_1_175' title='bbox 450 2017 546 2054; x_wconf 83' lang='lat' dir='ltr'>atque</span> <span class='ocrx_word' id='word_1_176' title='bbox 571 2014 761 2047; x_wconf 74' lang='lat' dir='ltr'>luventium.</span> <span class='ocrx_word' id='word_1_177' title='bbox 936 2013 1037 2046; x_wconf 85' lang='lat' dir='ltr'>Saluti</span> <span class='ocrx_word' id='word_1_178' title='bbox 1062 2013 1251 2048; x_wconf 85' lang='lat' dir='ltr'>restituitur.</span> 
     </span>
    </p>
   </div>
   <div class='ocr_carea' id='block_1_16' title="bbox 184 2089 1474 2288">
    <p class='ocr_par' dir='ltr' id='par_1_16' title="bbox 184 2089 1474 2288">
     <span class='ocr_line' id='line_1_43' title="bbox 184 2089 1292 2132; baseline -0.002 -7"><span class='ocrx_word' id='word_1_179' title='bbox 184 2092 217 2126; x_wconf 75' lang='lat'>4.</span> <span class='ocrx_word' id='word_1_180' title='bbox 246 2092 421 2125; x_wconf 80' lang='lat' dir='ltr'>ordinatus</span> <span class='ocrx_word' id='word_1_181' title='bbox 448 2092 616 2132; x_wconf 83' lang='lat' dir='ltr'>episeopus</span> <span class='ocrx_word' id='word_1_182' title='bbox 879 2092 910 2124; x_wconf 88' lang='lat'>8.</span> <span class='ocrx_word' id='word_1_183' title='bbox 938 2089 1050 2122; x_wconf 78' lang='lat' dir='ltr'>Gloria</span> <span class='ocrx_word' id='word_1_184' title='bbox 1075 2089 1115 2121; x_wconf 90' lang='lat' dir='ltr'>sit</span> <span class='ocrx_word' id='word_1_185' title='bbox 1140 2090 1292 2131; x_wconf 85' lang='lat' dir='ltr'>ingenito,</span> 
     </span>
     <span class='ocr_line' id='line_1_44' title="bbox 245 2137 1237 2181; baseline -0.002 -9"><span class='ocrx_word' id='word_1_186' title='bbox 245 2139 345 2180; x_wconf 75' lang='lat' dir='ltr'>Syrus</span> <span class='ocrx_word' id='word_1_187' title='bbox 371 2140 504 2181; x_wconf 78' lang='lat' dir='ltr'>Papiam</span> <span class='ocrx_word' id='word_1_188' title='bbox 529 2140 678 2177; x_wconf 78' lang='lat' dir='ltr'>mittitur,</span> <span class='ocrx_word' id='word_1_189' title='bbox 939 2137 1050 2170; x_wconf 83' lang='lat' dir='ltr'>Gloria</span> <span class='ocrx_word' id='word_1_190' title='bbox 1074 2137 1237 2178; x_wconf 79' lang='lat' dir='ltr'>unigenito</span> 
     </span>
     <span class='ocr_line' id='line_1_45' title="bbox 244 2185 1386 2226; baseline -0.004 -5"><span class='ocrx_word' id='word_1_191' title='bbox 244 2189 407 2221; x_wconf 83' lang='lat' dir='ltr'>Iuventius</span> <span class='ocrx_word' id='word_1_192' title='bbox 434 2188 629 2221; x_wconf 80' lang='lat' dir='ltr'>clarissimus</span> <span class='ocrx_word' id='word_1_193' title='bbox 939 2185 1012 2218; x_wconf 85' lang='lat' dir='ltr'>Una</span> <span class='ocrx_word' id='word_1_194' title='bbox 1037 2194 1106 2217; x_wconf 85' lang='lat' dir='ltr'>cum</span> <span class='ocrx_word' id='word_1_195' title='bbox 1133 2189 1243 2218; x_wconf 82' lang='lat' dir='ltr'>sancto</span> <span class='ocrx_word' id='word_1_196' title='bbox 1269 2186 1386 2226; x_wconf 74' lang='lat' dir='ltr'>spiritu</span> 
     </span>
     <span class='ocr_line' id='line_1_46' title="bbox 245 2232 1474 2288; baseline -0.002 -19"><span class='ocrx_word' id='word_1_197' title='bbox 245 2236 315 2269; x_wconf 81' lang='lat' dir='ltr'>Sibi</span> <span class='ocrx_word' id='word_1_198' title='bbox 339 2245 445 2270; x_wconf 84' lang='lat' dir='ltr'>eomes</span> <span class='ocrx_word' id='word_1_199' title='bbox 470 2237 665 2277; x_wconf 80' lang='lat' dir='ltr'>adjungitur.</span> <span class='ocrx_word' id='word_1_200' title='bbox 936 2232 982 2265; x_wconf 66' lang='lat' dir='ltr'>Et</span> <span class='ocrx_word' id='word_1_201' title='bbox 1004 2242 1089 2265; x_wconf 84' lang='lat' dir='ltr'>nuno</span> <span class='ocrx_word' id='word_1_202' title='bbox 1114 2236 1147 2264; x_wconf 81' lang='lat' dir='ltr'>et</span> <span class='ocrx_word' id='word_1_203' title='bbox 1169 2234 1205 2266; x_wconf 82' lang='lat' dir='ltr'>in</span> <span class='ocrx_word' id='word_1_204' title='bbox 1228 2237 1430 2274; x_wconf 76' lang='lat' dir='ltr'>perpetuum.</span> <span class='ocrx_word' id='word_1_205' title='bbox 1465 2279 1474 2288; x_wconf 35' lang='grc' dir='ltr'>ὑ</span> 
     </span>
    </p>
   </div>
   <div class='ocr_carea' id='block_1_17' title="bbox 182 2337 1513 2457">
    <p class='ocr_par' dir='ltr' id='par_1_17' title="bbox 182 2337 1513 2457">
     <span class='ocr_line' id='line_1_47' title="bbox 261 2337 1513 2372; baseline -0.003 -1"><span class='ocrx_word' id='word_1_206' title='bbox 261 2343 346 2371; x_wconf 84' lang='lat' dir='ltr'>Brev.</span> <span class='ocrx_word' id='word_1_207' title='bbox 372 2351 426 2370; x_wconf 87' lang='lat' dir='ltr'>ms.</span> <span class='ocrx_word' id='word_1_208' title='bbox 452 2343 687 2372; x_wconf 82' lang='lat' dir='ltr'>Humiliatorum</span> <span class='ocrx_word' id='word_1_209' title='bbox 713 2349 789 2370; x_wconf 82' lang='lat' dir='ltr'>saec.</span> <span class='ocrx_word' id='word_1_210' title='bbox 813 2337 857 2368; x_wconf 80' lang='lat'>15.</span> <span class='ocrx_word' id='word_1_211' title='bbox 901 2339 969 2367; x_wconf 71' lang='lat' dir='ltr'>eod.</span> <span class='ocrx_word' id='word_1_212' title='bbox 996 2339 1182 2368; x_wconf 76' lang='lat' dir='ltr'>Ambrosian.</span> <span class='ocrx_word' id='word_1_213' title='bbox 1208 2340 1224 2368; x_wconf 86' lang='grc' dir='ltr'>Ι</span> <span class='ocrx_word' id='word_1_214' title='bbox 1252 2338 1305 2368; x_wconf 81' lang='lat'>197</span> <span class='ocrx_word' id='word_1_215' title='bbox 1333 2341 1384 2369; x_wconf 85' lang='lat' dir='ltr'>inf.</span> <span class='ocrx_word' id='word_1_216' title='bbox 1412 2342 1447 2369; x_wconf 91' lang='lat' dir='ltr'>A.</span> <span class='ocrx_word' id='word_1_217' title='bbox 1474 2357 1513 2361; x_wconf 90' lang='lat'>—</span> 
     </span>
     <span class='ocr_line' id='line_1_48' title="bbox 183 2376 1508 2415; baseline -0.002 -5"><span class='ocrx_word' id='word_1_218' title='bbox 183 2383 270 2410; x_wconf 80' lang='lat' dir='ltr'>BreV.</span> <span class='ocrx_word' id='word_1_219' title='bbox 292 2389 345 2408; x_wconf 89' lang='lat' dir='ltr'>ms.</span> <span class='ocrx_word' id='word_1_220' title='bbox 368 2381 602 2411; x_wconf 79' lang='lat' dir='ltr'>Humiliatornm</span> <span class='ocrx_word' id='word_1_221' title='bbox 629 2389 707 2409; x_wconf 81' lang='lat' dir='ltr'>saec.</span> <span class='ocrx_word' id='word_1_222' title='bbox 731 2378 774 2408; x_wconf 85' lang='lat'>15.</span> <span class='ocrx_word' id='word_1_223' title='bbox 816 2378 885 2407; x_wconf 82' lang='lat' dir='ltr'>Cod.</span> <span class='ocrx_word' id='word_1_224' title='bbox 907 2379 1093 2407; x_wconf 81' lang='lat' dir='ltr'>Ambrosian.</span> <span class='ocrx_word' id='word_1_225' title='bbox 1114 2379 1143 2406; x_wconf 89' lang='lat' dir='ltr'>H</span> <span class='ocrx_word' id='word_1_226' title='bbox 1165 2376 1229 2406; x_wconf 82' lang='lat'>267.</span> <span class='ocrx_word' id='word_1_227' title='bbox 1250 2379 1301 2407; x_wconf 85' lang='lat' dir='ltr'>inf.</span> <span class='ocrx_word' id='word_1_228' title='bbox 1322 2380 1354 2408; x_wconf 87' lang='lat' dir='ltr'>B.</span> <span class='ocrx_word' id='word_1_229' title='bbox 1376 2394 1414 2399; x_wconf 85' lang='lat'>—</span> <span class='ocrx_word' id='word_1_230' title='bbox 1435 2379 1463 2415; x_wconf 87' lang='lat'>7,</span> <span class='ocrx_word' id='word_1_231' title='bbox 1491 2378 1508 2407; x_wconf 79' lang='lat'>2</span> 
     </span>
     <span class='ocr_line' id='line_1_49' title="bbox 182 2419 669 2457; baseline -0.002 -9"><span class='ocrx_word' id='word_1_232' title='bbox 182 2420 259 2449; x_wconf 75' lang='lat' dir='ltr'>fehlt</span> <span class='ocrx_word' id='word_1_233' title='bbox 282 2420 350 2449; x_wconf 83' lang='lat' dir='ltr'>eine</span> <span class='ocrx_word' id='word_1_234' title='bbox 370 2419 466 2457; x_wconf 79' lang='lat' dir='ltr'>Silbe3</span> <span class='ocrx_word' id='word_1_235' title='bbox 487 2421 520 2447; x_wconf 84' lang='lat' dir='ltr'>in</span> <span class='ocrx_word' id='word_1_236' title='bbox 539 2421 669 2457; x_wconf 70' lang='lat' dir='ltr'>ergiinzt.</span> 
     </span>
    </p>
   </div>
  </div>
 </body>
</html>
