1653 2622
708 137 965 171 -223—

173 234 207 266 5.
236 232 355 265 Census
381 232 501 265 Christi
528 233 730 273 dispensator

282 281 452 313 Mensuras
479 281 644 313 distribuit

236 327 282 359 Et
303 328 467 369 lapsorum
492 334 660 369 reparator

284 376 324 407 'Vi
347 377 486 416 opressis
510 375 625 418 adfuit,

236 422 437 456 infirmorum
466 424 610 457 visitator

285 471 411 503 Salutes
436 472 585 505 restituit.

865 236 896 268 6.
923 235 1044 272 Honor,
1072 235 1173 267 virtus
1198 235 1353 267 aeternali

970 283 1060 315 Patri
1085 283 1128 314 sit
1151 284 1302 323 ingenito,

923 329 1008 362 Laus
1034 339 1094 369 par
1119 330 1377 363 consubstantiali

969 378 1049 418 Ejus
1074 379 1235 419 unigenito

921 426 971 456 Ac
995 426 1138 466 utrisque
1164 425 1324 465 coaequali

971 473 1081 505 Gloria
1106 474 1271 513 paraclito.

254 537 339 564 Brev.
365 545 418 565 ms.
444 539 638 566 Mantuanum
663 546 739 566 saec.
765 536 808 565 15.
854 537 923 566 Cod.
949 538 1039 566 Univ.
1067 538 1171 566 Patav.
1197 535 1261 566 734.
1290 552 1324 557 —-
1351 536 1384 575 3,
1409 536 1426 566 3
1449 537 1492 565 Ut

175 577 289 611 quique
308 578 409 603 mater.

592 677 655 708 377.
684 677 729 708 De
750 686 776 709 s.
797 677 891 709 Petro
913 677 1092 710 coelestino.

711 745 746 775 In
768 745 794 774 1.
815 745 964 784 Vesperis.

179 814 209 846 1.
238 813 275 844 In
301 813 446 853 paradisi
471 814 608 846 culmine

239 860 440 893 Candescens
465 860 558 893 floret
581 862 694 904 lilium,

235 908 273 940 In
299 907 515 941 confessorum
541 910 664 949 agmine

237 955 410 988 Confessor
436 956 523 996 capit
547 957 731 996 praemium.

177 1015 209 1045 2.
237 1013 301 1045 Hic
325 1014 439 1046 Petrus
469 1016 558 1045 recte
584 1013 710 1053 dicitur,

237 1060 318 1092 Nam
344 1060 406 1093 fuit
429 1060 495 1093 fide
519 1061 640 1093 solidus

235 1107 279 1141 Et
302 1111 339 1140 ut
362 1108 477 1140 Petrus
503 1108 703 1148 cognoscitur

238 1155 319 1187 Boni
343 1156 466 1187 zelator
491 1155 645 1189 fervidus.

176 1214 207 1246 3.
234 1213 349 1246 Petrus
376 1221 518 1244 errorum
545 1213 639 1245 devia

236 1259 321 1292 Fide
344 1259 435 1300 fugat
461 1260 626 1304 catholica,

236 1307 348 1340 Murus
375 1308 563 1340 daemonum
589 1308 667 1340 vitia

237 1355 341 1387 Necat
366 1364 436 1387 cum
461 1364 520 1396 spe
543 1355 687 1388 mirifica.

177 1413 210 1445 4.
237 1412 436 1445 Coelestinus
461 1421 545 1444 nunc
569 1413 721 1454 noscitur,

236 1459 314 1492 Cum
339 1459 376 1492 fit
399 1459 518 1492 Christi
543 1460 691 1500 vicarius,

234 1507 317 1540 Nam
344 1508 481 1540 coelicus
505 1508 685 1540 ostenditur

234 1555 329 1596 Ante,
359 1557 434 1595 post
459 1558 490 1587 et
514 1564 599 1587 nunc
623 1556 756 1589 medius.

867 817 898 849 5.
926 815 1063 848 Honoris
1090 816 1175 847 cedit
1199 816 1283 856 apici

923 863 1042 896 Forma
1066 862 1169 895 factus
1193 863 1367 904 humilium,

925 910 967 942 Se
989 910 1173 943 manifestat
1197 910 1285 943 refici

923 957 1087 990 Consortio
1117 959 1317 997 simplicium.

867 1016 896 1048 6.
926 1014 1070 1047 Clemens
1096 1016 1222 1055 quintus
1249 1013 1455 1048 conformiter

924 1061 1050 1094 Christo
1078 1063 1248 1102 disponens
1273 1071 1377 1103 agere,

923 1109 974 1141 Ex
997 1109 1141 1150 probatis
1165 1110 1349 1142 solemniter

922 1157 1017 1189 Hunc
1046 1160 1189 1190 sanctum
1210 1157 1303 1197 jubet
1328 1159 1440 1191 colere.

866 1216 895 1247 7.
922 1213 1016 1246 Nunc
1039 1214 1175 1246 trinitati
1200 1215 1319 1254 gratias

922 1262 1108 1294 Redeamus
1133 1270 1240 1294 omnes
1267 1261 1400 1303 debitas,

924 1310 1133 1342 Concinamus
1159 1309 1308 1341 alacriter

922 1356 1072 1389 Dicentes
1100 1367 1164 1389 una
1187 1358 1326 1396 pariter:

865 1414 896 1446 8.
924 1413 1035 1445 Gloria
1064 1415 1147 1454 patri
1171 1413 1319 1454 Domino,

924 1461 1007 1493 Nato
1033 1464 1126 1501 atque
1151 1462 1318 1501 paraclito,

923 1508 990 1540 Nos
1016 1509 1108 1548 hujus
1133 1509 1236 1541 sancti
1258 1509 1371 1542 merito

925 1555 1011 1588 Coeli
1035 1555 1179 1588 fruamur
1204 1557 1330 1596 gaudio.

251 1620 337 1648 Brev.
364 1629 417 1648 ms.
440 1620 676 1649 Coelestinorum
700 1629 776 1649 saec.
799 1618 841 1648 15.
883 1621 952 1650 Cod.
980 1622 1069 1650 Univ.
1094 1622 1256 1650 Bononien.
1284 1620 1367 1651 2275.
1392 1624 1425 1652 A.
1452 1640 1489 1644 —

172 1660 257 1687 Brev.
287 1668 341 1687 ms.
368 1658 601 1687 Goeiestmorum
633 1667 709 1687 saec.
736 1658 782 1687 15.
822 1659 892 1687 Cod.
918 1660 1062 1688 Mazarin.
1089 1657 1144 1688 357
1170 1657 1255 1696 (733).
1283 1662 1315 1689 B.
1343 1676 1380 1680 —
1406 1663 1483 1691 Brev

172 1697 409 1726 coelestinorum
429 1698 500 1732 imp.
525 1698 653 1734 Neapoli
676 1695 758 1726 1488.
782 1697 812 1725 C.
833 1714 871 1718 —
893 1698 919 1731 7,
943 1696 957 1725 1
978 1699 1062 1726 Tunc
1081 1700 1208 1727 trinitati
1230 1698 1259 1726 C.

561 1809 626 1842 378.
656 1810 690 1840 In
713 1818 754 1841 ss.
774 1809 914 1851 Phihppi
937 1813 968 1841 et
987 1810 1103 1842 Jacobi.

178 1879 209 1913 1.
236 1877 388 1920 Refulget
409 1879 476 1919 jam
502 1880 685 1912 solemnitas

234 1928 462 1967 Apostolorum
488 1936 602 1968 annua,

233 1975 331 2008 Adsit
353 1974 446 2007 nobis
471 1975 595 2007 laetitia

232 2023 278 2056 Et
302 2023 458 2063 spiritalis
484 2022 596 2064 gloria.

173 2084 203 2115 2.
230 2083 370 2122 Quorum
394 2090 475 2113 unus
502 2086 551 2113 est
574 2079 723 2119 Jacobus,

231 2130 327 2163 Alter
351 2129 521 2170 Philippus
548 2128 674 2170 dicitur,

238 2177 393 2211 Coelestis
422 2178 507 2218 regis
531 2177 661 2215 milites,

233 2229 272 2260 Iu
297 2227 447 2266 passione
470 2224 605 2259 nobiles

174 2285 205 2318 3.
234 2283 295 2316 Dei
323 2284 458 2315 dilectus
481 2282 621 2317 Jacobus

234 2331 411 2365 Ordinatur
436 2331 615 2372 episcopus,

230 2378 435 2412 Hierusalem
466 2379 632 2411 ecclesiam

232 2428 357 2460 Primus
381 2427 467 2460 rexit
492 2427 690 2462 catholicam.

863 1883 895 1915 4.
923 1881 1091 1920 Apellatus
1118 1891 1137 1913 a
1162 1882 1307 1922 gentibus

923 1928 1033 1961 Oblias
1063 1931 1095 1959 et
1120 1929 1348 1970 sanctissimus,

922 1976 958 2008 In
985 1975 1129 2008 omnibus
1154 1977 1334 2017 laudabilis,

923 2023 959 2055 In
987 2024 1132 2056 doctrina
1155 2025 1322 2058 mirabilis.

866 2082 896 2115 5.
924 2080 1092 2121 Nunquam
1120 2086 1168 2114 est
1192 2092 1267 2114 usus
1291 2083 1414 2117 balneis

921 2128 991 2160 Nec
1019 2130 1188 2162 mundanis
1215 2131 1348 2171 deliciiS,

923 2176 996 2208 Non
1021 2180 1069 2209 est
1092 2181 1266 2218 perunctus
1292 2180 1372 2219 oleo,

923 2224 1058 2257 Indutus
1083 2234 1185 2266 neque
1209 2226 1312 2261 laneo.

866 2284 896 2316 6.
921 2280 988 2313 Soli
1012 2282 1132 2314 licebat
1155 2284 1281 2324 ingredi

924 2328 1043 2362 Sancta
1067 2334 1248 2364 sanctorum
1273 2333 1306 2366 in
1331 2336 1469 2375 populis,

924 2377 1026 2410 Orans
1055 2388 1115 2418 pro
1139 2380 1339 2421 indulgentia

924 2425 1114 2459 Cunctorum
1145 2429 1346 2468 negligentia.
