1651 2621
743 150 1001 187 —118-

506 253 537 285 5.
565 250 704 291 Corpore
734 251 838 281 castus
863 247 924 280 fuit
947 248 1000 279 hic
1025 248 1056 277 et
1080 247 1195 287 mente,

565 298 699 331 Coelesti
724 300 832 337 pastus
857 296 1018 335 scriptura
1041 294 1175 326 decente

563 346 650 378 Pane
674 346 727 377 hie
750 343 820 386 fuit,
847 343 1016 375 sanctitate
1042 341 1119 373 cluit

615 394 654 425 In
680 392 836 424 evidente.

508 452 538 483 6.
566 450 715 482 Sanctum
740 448 919 481 Jueundum
943 448 1071 478 sanctus
1095 446 1149 476 hie
1174 444 1271 484 elegit

566 497 621 529 Illi
645 496 827 538 secundum,
853 495 943 526 illum
967 493 1152 535 praeelegit,

563 544 705 583 Uterque
728 543 797 575 Deo
821 543 951 583 placens
978 543 1026 572 est
1051 549 1120 572 cum
1148 547 1195 578 eo,

614 591 673 630 Qui
701 593 815 621 cuncta
838 589 929 629 regit.

507 649 537 680 7.
564 647 614 679 Sit
637 647 774 678 trinitati
797 646 878 685 laus,
904 646 1015 685 honor,
1040 645 1193 686 potestas,

564 694 715 726 Precibus
742 693 842 736 Grati,
870 692 978 724 divina
1001 692 1160 731 majestas,

564 741 694 772 Veniam
721 740 803 772 dona
826 740 918 771 nobis
945 740 985 771 da
1011 742 1042 770 et
1067 739 1160 778 dona,

614 788 674 827 Qui
699 796 774 819 vera
798 790 954 826 praestas,

295 853 376 882 offic.
404 862 457 879 ωε.
486 852 515 880 S.
540 853 624 881 Grati
650 861 725 880 saec.
750 850 793 879 15.
841 852 973 879 Codioill.
999 851 1093 887 Capit.
1120 851 1265 879 Sedunen.
1290 848 1337 876 72.
1366 847 1410 877 16.
1430 849 1465 876 A.
1491 863 1529 868 —

218 891 310 919 Psalt.
339 900 391 918 ms.
426 891 602 927 Augvetense
631 898 706 917 saec.
735 889 778 917 15.
826 889 893 916 Cnd.
918 890 1076 916 Taurinen.
1108 889 1135 916 E
1165 889 1210 916 IV
1239 886 1284 915 27.
1314 889 1348 915 B.
1378 901 1415 906 —
1441 887 1527 914 Brev.

218 930 303 965 Augu
318 932 403 956 tense
426 930 495 964 imp.
529 927 610 955 15**.
644 928 674 956 C.
702 943 735 947 —
766 925 797 960 3,
830 925 848 955 3
872 927 953 955 Aede
981 927 1151 962 Agganensi
1176 927 1209 954 B.
1237 940 1274 945 —
1300 924 1331 960 5,
1360 923 1378 952 2
1404 925 1527 953 docente

220 968 252 995 C.
274 982 307 986 —
329 967 413 995 Naeh
434 966 491 994 Str.
511 964 529 994 3
548 966 665 993 Divisio
685 966 719 993 B.

683 1095 745 1126 194.
773 1095 818 1126 De
837 1097 944 1126 saneto
968 1094 1071 1125 Grato.

773 1162 821 1192 Ad
840 1162 969 1192 Laudes.

222 1233 252 1265 1.
281 1232 501 1264 Collaudemus
527 1232 675 1263 eximium
902 1233 934 1265 4.
961 1232 1008 1264 Ut
1032 1233 1146 1262 sonant
1172 1231 1346 1270 evangelia,

282 1279 414 1312 Gratum
438 1279 575 1311 modulis
602 1279 755 1320 cordium,
959 1278 1076 1310 Mundi
1098 1279 1155 1311 lux
1180 1280 1229 1309 est,
1253 1278 1379 1317 eximia,

278 1327 337 1366 Qui
358 1327 536 1366 germinans
560 1329 596 1357 ut
619 1326 720 1357 lilium
962 1325 1079 1357 Gratus
1105 1328 1137 1356 et
1160 1325 1222 1357 Dei
1246 1326 1360 1365 gratia,

277 1373 390 1405 Palma
414 1372 531 1405 florens
557 1372 619 1404 fert
644 1373 798 1405 bravium.
961 1373 1015 1405 Sal
1039 1375 1147 1404 terrae
1170 1382 1229 1412 pro
1253 1373 1435 1412 prudentia.

219 1433 252 1465 2.
278 1431 342 1462 Hic
366 1431 460 1462 stella
483 1429 607 1470 fulgens
632 1430 724 1462 radio
902 1433 932 1463 5.
959 1429 1163 1462 Mirificantis
1188 1429 1311 1461 actibus

277 1478 473 1509 Nebularum
497 1478 531 1509 in
556 1478 672 1517 medio,
959 1476 1100 1509 Refulsit
1125 1480 1157 1508 et.
1179 1477 1361 1520 virtutibus,

277 1525 369 1556 Luna
391 1526 423 1556 in
450 1525 636 1564 plenilunio,
960 1524 1056 1564 Cujus
1081 1524 1182 1555 beatis
1205 1524 1356 1563 precibus

278 1572 373 1603 Hunc
399 1573 492 1603 decet
512 1572 670 1611 jubilatio.
960 1573 1137 1611 Jungamur
1164 1572 1243 1603 coeli
1270 1571 1403 1605 civibuS.

221 1631 251 1662 3.
278 1629 410 1660 Praesui
435 1629 586 1668 prudens,
619 1631 734 1670 castus,
760 1628 842 1668 pius,
902 1630 931 1661 6.
959 1627 1009 1659 Sit
1031 1628 1117 1667 patri
1140 1628 1209 1659 laus
1232 1628 1384 1667 ingenito,

276 1676 425 1717 Pudicus,
447 1676 561 1715 justus,
588 1675 721 1714 sobrius,
960 1675 1010 1708 Sit.
1035 1675 1130 1707 decus
1154 1675 1328 1714 unigenito,

278 1724 376 1755 Preee
401 1723 490 1762 eujus
517 1723 699 1754 clementius
961 1721 1011 1753 Sit
1033 1722 1197 1762 utriusque
1220 1722 1343 1754 numini

279 1770 345 1802 Nos
370 1773 462 1811 regat
485 1770 546 1801 Dei
571 1768 664 1803 filius,
960 1769 1070 1802 Virtus
1095 1770 1244 1809 perennis
1268 1768 1399 1803 flamini.

294 1834 375 1862 Offie.
399 1844 452 1862 ms.
477 1834 506 1862 S.
532 1834 616 1862 Grati
641 1842 716 1862 saec.
740 1832 784 1861 15.
830 1834 963 1862 Godicfll.
993 1834 1088 1870 Capit.
1115 1834 1260 1862 Sedunen.
1286 1833 1333 1862 72.
1360 1833 1405 1863 16.
1430 1836 1465 1863 A.
1490 1851 1529 1856 —

217 1874 303 1901 Brev.
323 1874 507 1909 Augustense
526 1873 597 1908 imp.
621 1870 701 1900 15**.
721 1873 754 1899 B.

649 2002 710 2033 195.
739 2003 783 2033 De
803 2003 911 2034 sancto
933 2002 1096 2043 Gregorio.

219 2085 250 2117 1.
276 2083 451 2123 Anglorum
474 2083 541 2122 jam
566 2083 737 2122 apostolus,
900 2084 932 2117 3.
957 2083 1093 2115 Videtur
1119 2092 1213 2123 egens
1238 2082 1422 2125 naufragus,

276 2131 370 2162 Nunc
394 2130 576 2170 angelorum
599 2130 713 2169 socius,
958 2130 1042 2162 Dum
1066 2131 1182 2170 stipem
1207 2131 1297 2173 petit,
1325 2132 1466 2172 angelus,

278 2179 323 2212 Ut
346 2180 430 2220 tunc,
459 2177 603 2217 Gregori‚
629 2177 774 2217 gentibus
959 2178 1009 2209 Tu
1030 2178 1224 2210 nummulam
1248 2182 1323 2218 post
1346 2180 1504 2219 geminam

277 2226 433 2259 Succurre
453 2226 520 2265 ,iam
545 2225 757 2257 credentibus.
959 2225 1099 2257 Praebes
1125 2229 1157 2257 et
1182 2235 1237 2258 vas
1263 2229 1458 2267 argenteum.

218 2285 250 2316 2.
276 2283 326 2314 Tu
349 2283 455 2322 largas
481 2291 575 2322 opum
600 2282 707 2322 copias
901 2283 933 2316 4.
958 2282 1010 2314 Ex
1034 2282 1095 2314 hoe
1119 2285 1152 2314 te
1178 2283 1322 2315 Christus
1347 2287 1492 2325 tempore

277 2331 470 2370 omnemque
494 2330 604 2361 mundi
629 2330 760 2370 gloriam
961 2330 1044 2363 Suae
1067 2329 1212 2370 praefert
1237 2332 1402 2375 eeclesiae,

277 2378 418 2419 Spernis,
445 2380 481 2409 ut
504 2378 595 2417 inops
620 2378 747 2417 inopem
960 2377 1014 2410 Sic
1039 2378 1127 2410 Petri
1152 2379 1286 2419 gradum
1311 2381 1464 2421 percipis,

275 2427 295 2460 J
299 2435 385 2458 esum
410 2426 552 2465 sequaris
577 2425 765 2465 principem.
957 2426 1053 2466 Cujus
1080 2430 1111 2459 et
1135 2436 1277 2460 normam
1302 2429 1456 2469 sequeris,
