1651 2621
728 147 983 183 -234—

211 255 241 287 5.
266 253 312 286 Ut
336 252 389 292 qui
415 252 530 285 delicto
553 248 736 290 premimur,
883 244 913 276 6.
941 241 1100 273 Summum
1125 242 1249 279 patrem
1275 236 1459 277 ingenitum,

267 299 393 333 Invidia
415 298 604 339 perurimur,
939 288 1055 321 Filium
1081 286 1285 328 unigenitum,

268 346 379 386 Erepti
408 348 447 379 de
472 344 627 385 supplicio
941 335 1115 368 Amborum
1141 336 1172 366 et
1196 331 1387 373 paraclitum

267 394 384 426 Tecum
408 394 504 425 simus
528 392 561 423 in
587 390 711 431 gaudio„
940 383 1121 416 Laudemus
1145 389 1271 420 semper
1296 378 1457 418 spiritum.

285 477 376 505 Psalt.
404 486 456 504 ms.
476 476 641 512 Rhegiense
667 480 740 500 saec.
772 469 815 498 15.
858 469 926 497 Cod.
948 467 1089 496 Oxonien.
1110 467 1176 494 Lat.
1195 466 1310 498 Liturg-
1331 463 1349 490 b
1372 460 1397 489 1.
1417 462 1452 488 A.
1472 474 1514 479 —

209 517 293 543 Brev.
313 523 365 542 ms.
385 514 550 550 Rhegiense
569 520 643 540 saec.
666 509 708 538 15.
741 509 808 536 Cod.
823 507 963 536 Oxonien.
976 504 1100 533 Miscell.
1115 505 1228 540 Liturg.
1251 500 1314 529 167.
1329 501 1362 528 B.
1383 515 1421 519 —
1444 497 1469 533 1,
1492 496 1507 525 1

212 554 333 582 Carnem
352 552 488 589 frangens
508 552 540 578 B.
562 565 597 569 —
620 550 641 576 13
657 549 709 576 hat
727 547 774 574 die
792 545 956 581 Doxologie
975 543 1025 570 <les
1046 542 1200 579 folgenden
1220 540 1364 576 Hymnus.

639 696 705 728 397.
733 695 776 726 De
796 693 902 725 sancto
921 692 1083 730 Prospero.

734 771 781 800 Ad
800 770 988 800 Nocturnum.

216 846 244 877 1.
272 845 357 886 JeSU,
385 847 564 875 cunctorum
589 842 718 884 arbiter,
889 840 921 871 4.
946 838 1077 870 Electus
1101 837 1134 868 in
1159 833 1340 876 pontificem

271 891 418 931 Regnans
443 890 514 930 polo
539 889 720 929 perenniter
949 885 1062 918 Studet
1087 884 1195 916 delere
1218 881 1339 913 rabiem

271 938 328 970 Pie
352 936 423 968 fave
446 936 649 976 precantibus
946 930 1188 964 Haereticorum
1214 929 1326 961 civium

271 984 387 1024 Servis,
412 983 495 1015 festa
520 983 692 1014 colentibus
943 979 1116 1011 Multorum
1141 975 1401 1009 excrescentium.

214 1043 244 1074 2.
270 1041 420 1078 Prosperi
445 1039 628 1078 beatissimi,
888 1037 919 1068 5.
945 1035 1018 1067 Non
1042 1035 1161 1066 veritus
1184 1032 1362 1072 tyrannica,

271 1087 342 1118 Viri
365 1086 433 1118 Deo
460 1085 645 1126 dignissimi,
944 1082 1058 1123 Minas,
1085 1080 1149 1113 fide
1176 1079 1332 1111 catholica

272 1133 331 1172 Qui
355 1136 465 1173 petens
492 1133 570 1164 coeli
594 1132 710 1171 gaudia
943 1129 1093 1160 Armatus
1118 1128 1170 1159 hic
1193 1126 1331 1159 viriliter

274 1180 402 1219 Sprevit
424 1183 559 1219 paterna
582 1178 722 1218 praedia.
945 1175 1007 1207 Pro
1031 1184 1139 1215 pugna
1163 1177 1196 1206 et
1218 1182 1281 1205 non
1306 1173 1430 1205 leviter.

216 1238 249 1269 3.
275 1236 424 1267 Deseruit
447 1235 642 1276 Hispaniam,
888 1234 919 1265 6.
946 1232 1071 1263 Summo
1098 1231 1254 1263 coelorum
1281 1229 1383 1269 gloria

274 1282 420 1314 Pervenit
443 1283 484 1314 ad
508 1282 685 1323 Aemiliam,
947 1278 995 1310 Sit
1019 1278 1214 1318 redemptori
1238 1277 1384 1317 Domino,

276 1329 338 1361 Ubi
364 1337 432 1360 cum
457 1337 568 1368 magno
593 1328 706 1368 gaudio
947 1326 1007 1365 Qui
1030 1326 1221 1365 Prosperum
1244 1324 1285 1355 ad
1307 1332 1464 1364 prospera

275 1376 444 1414 Susceptus
469 1378 516 1407 est
541 1384 560 1406 a
583 1375 709 1414 populo.
947 1374 1111 1405 Pertraxit
1135 1376 1168 1403 et
1193 1380 1262 1403 cum
1289 1371 1415 1411 gaudio.

290 1458 372 1485 Brev.
392 1466 444 1486 ms.
458 1459 622 1494 Rliegiense
641 1466 715 1485 saec.
733 1455 775 1484 15.
798 1456 865 1484 Cod.
877 1457 1018 1485 Oxonien.
1031 1456 1155 1484 Miscell.
1169 1456 1283 1491 Liturg.
1306 1453 1368 1482 167.
1389 1469 1426 1473 ——
1446 1453 1475 1487 4,
1498 1452 1515 1480 1

214 1497 336 1523 Electus
357 1497 402 1522 est
421 1497 460 1523 iu.
480 1511 517 1515 -—
537 1495 563 1528 5,
586 1494 600 1522 1
623 1495 787 1522 Conteritus
819 1509 857 1513 —-
877 1493 903 1527 5,
924 1492 941 1520 2
960 1495 1044 1521 Mina.
1063 1493 1144 1521 fides.

642 1650 708 1681 398.
737 1650 782 1680 De
799 1650 904 1681 sancto
923 1649 1084 1689 Prospero.

770 1725 818 1754 Ad
836 1725 963 1754 Laudes.

216 1798 246 1830 1.
273 1796 349 1828 Dies
373 1795 508 1835 refulget
532 1795 656 1834 nimius,
893 1795 924 1827 3.
951 1794 975 1826 O
1002 1792 1080 1825 felix
1104 1795 1166 1827 viri
1190 1796 1354 1838 transitus,

273 1845 310 1876 In
336 1852 395 1882 quo
419 1843 511 1875 beato
536 1842 675 1881 praesuli
949 1841 987 1873 In
1013 1841 1100 1880 cujus
1124 1845 1200 1874 tunc
1224 1842 1373 1882 obsequio

274 1891 437 1924 coelorum
462 1892 551 1929 patet
575 1889 679 1921 aditus
951 1888 1071 1921 Chorus
1095 1890 1217 1921 exultat
1243 1890 1378 1921 coelicus

273 1938 397 1969 Relicta
419 1946 536 1977 pompa
559 1936 687 1970 saeculi.
951 1935 1119 1968 Translato
1143 1940 1252 1969 sancto
1276 1937 1450 1977 Prospero.

216 1995 254 2026 2.
280 1994 333 2025 Ad
358 1995 446 2033 cujus
471 1993 558 2033 aegri
582 1991 695 2023 funera
894 1994 926 2025 4.
952 1992 1012 2031 Qui
1035 2001 1177 2024 normam
1200 1994 1265 2025 suis
1291 1995 1436 2026 condidit

274 2040 430 2072 Sanantur
455 2043 487 2071 et
510 2040 685 2072 remedium
952 2039 1110 2078 Dicipulis
1138 2041 1329 2080 canonicam,

276 2087 519 2126 Suscipiuntque
542 2095 696 2126 prospera
955 2086 1083 2118 Servari
1106 2090 1248 2119 sanctam
1274 2087 1382 2120 docuit

273 2135 335 2167 Per
358 2135 567 2167 reverendum
592 2134 793 2173 Prosperum.
954 2133 1138 2166 Doctrinam
1165 2135 1388 2175 evangelicam.

579 2194 609 2223 5.
636 2190 762 2222 Summo
788 2191 945 2223 coelorum
969 2190 1071 2230 gloria

634 2237 683 2269 Sit
706 2238 902 2278 redemptori
924 2238 1082 2279 Donunic,

634 2285 692 2324 Qui
720 2286 910 2325 Prosperum
934 2285 975 2317 ad
993 2294 1147 2324 prospera

633 2332 795 2364 Per-traxit
818 2337 850 2366 et
875 2342 942 2364 cum
967 2332 1093 2373 gaudio.

293 2415 378 2442 Brev.
401 2425 453 2444 ms.
471 2417 636 2453 Rhegiense
655 2425 730 2445 saec.
752 2415 796 2444 15.
838 2414 909 2445 cod.
929 2416 1069 2445 Oxonien-
1090 2419 1206 2446 Miscell
1238 2419 1353 2457 Liturg.
1376 2419 1439 2449 167.
