1651 2621
746 143 791 148 —
841 124 907 159 181

583 222 614 254 5.
641 219 752 252 Gloria
777 221 820 252 sit
845 229 915 252 cum
940 221 1088 253 laudibus

639 269 780 300 Aeterno
806 268 874 308 regi
898 268 1043 306 Domino,

640 315 701 354 Qui
724 315 924 357 Margaritae
947 317 1096 357 precibus

639 362 740 395 Nobis
765 363 852 395 adsit
876 363 1035 404 suffragio.

291 447 373 475 offic.
395 456 448 475 ms.
468 449 630 476 Florentin.
654 456 728 476 saec.
746 447 789 476 16.
831 448 899 476 Ood.
920 450 1049 477 Florent.
1069 449 1244 486 Magliabec.
1266 449 1402 477 XXXVI.
1423 447 1470 476 75.

631 589 699 621 305.
737 589 781 621 De
802 590 913 621 sancta
933 589 1124 629 Margareta.

746 666 796 696 Ad
815 666 1007 697 Nocturnum.

215 733 247 766 1.
270 734 430 767 Aeternus
455 737 504 768 sol
528 736 729 776 resplenduit

272 781 312 813 In
334 781 514 823 Margarita
538 784 670 826 virgine7

275 828 372 869 Cujus
397 830 518 862 invicta
544 831 659 863 claruit

272 876 383 908 Virtus
407 878 442 910 in
467 877 553 910 orbis
579 879 719 911 cardine.

214 953 246 986 2.
274 952 448 991 Tamquam
474 963 530 985 vas
556 954 625 985 auri
650 954 785 986 solidum

273 998 413 1032 Geminis
440 1001 622 1033 distinctum
649 1002 747 1033 variis

273 1046 431 1086 Sponsum
456 1051 566 1080 secuta
589 1048 747 1088 virginum

272 1093 368 1127 Miris
393 1093 522 1127 refulsit
545 1096 667 1136 gratiis.

904 737 935 769 3.
958 738 996 769 In
1024 735 1143 769 Christi
1168 734 1232 768 fide
1256 735 1360 768 solida

961 783 1072 823 Minis,
1098 782 1207 823 flagris
1231 792 1295 815 non
1318 781 1458 815 flectitur

960 831 1120 870 Falsaque
1145 839 1298 870 spernens
1323 830 1411 863 idola

962 877 1071 910 Fortis
1096 878 1129 910 in
1152 877 1238 910 bello
1259 877 1417 911 redditur.

902 954 934 987 4.
961 954 1105 986 Tandem
1132 953 1265 986 devictis
1288 954 1433 986 hostibus

959 1001 1097 1033 Lictoris
1124 1010 1216 1033 caesa
1239 1001 1356 1044 gladio,

962 1049 1116 1088 Supernis
1139 1049 1251 1087 juncta
1277 1048 1397 1081 civibus

961 1096 1059 1135 Regis
1085 1096 1213 1128 dotatur
1237 1095 1347 1135 pallio.

616 1173 647 1205 5.
675 1170 787 1203 Gloria
811 1171 854 1203 sit
873 1180 945 1204 cum
970 1170 1129 1204 laudibus.

288 1255 371 1283 Offio.
392 1265 446 1283 ms.
466 1257 629 1284 Florentin.
649 1265 725 1284 saec.
747 1254 791 1284 16.
832 1255 902 1284 God.
921 1257 1051 1284 Florent.
1071 1255 1246 1292 Magliabee.
1266 1256 1405 1284 XXXVI.
1425 1254 1471 1284 75.
1491 1270 1531 1276 —

210 1290 237 1327 2,
260 1291 277 1320 2
300 1293 466 1322 districtum
487 1295 587 1322 variis.

632 1424 699 1457 306.
729 1424 773 1456 De
795 1425 907 1457 sancta
925 1424 1115 1464 Margareta.

904 1496 935 1528 5.
962 1494 1048 1533 Quae
1073 1494 1230 1534 virginum
1256 1494 1396 1532 suspiria

960 1543 1086 1581 Rogant
1111 1542 1172 1573 Dei
1199 1541 1407 1581 clementiam,

960 1588 1157 1629 Margaritae
1182 1597 1377 1629 succurrere,

961 1636 1087 1677 Virgini
1111 1637 1356 1670 sacratissimae.

211 1494 244 1527 1.
273 1493 361 1528 Coeli
387 1495 482 1533 civeS,
514 1496 701 1535 applaudite

270 1542 385 1574 Mundi
407 1543 550 1582 jucundo
575 1543 696 1585 lumini,

276 1589 343 1628 Quo
369 1590 550 1622 illustratur
575 1591 707 1623 coelitus

271 1637 375 1677 Hujus
402 1638 466 1669 diei
491 1639 606 1679 gratia.

900 1715 932 1747 6.
957 1713 1020 1745 Per
1045 1713 1148 1745 crucis
1169 1715 1299 1745 sauctae
1326 1713 1479 1754 virginem

958 1761 1057 1793 Ducit
1081 1761 1204 1801 signum
1233 1760 1273 1792 de
1298 1769 1441 1802 corpore,

209 1716 242 1748 2.
269 1714 440 1748 Praecelsa
463 1713 544 1746 fides
569 1715 721 1756 martyris

269 1762 530 1803 Margaritaequc
552 1763 695 1803 virginis,

957 1809 1115 1840 Dividens
1138 1812 1252 1848 pectus
1276 1809 1432 1840 tumidum

957 1856 1115 1888 Draconis
1149 1858 1182 1886 et
1203 1856 1431 1889 saevissimum.

270 1811 358 1850 Quae
380 1813 458 1842 nata
482 1810 615 1842 multum
641 1810 758 1844 nobilis

269 1857 377 1889 Hodie
400 1857 541 1897 palmam
563 1858 715 1898 suscepit,

959 1932 1027 1971 Ope
1051 1931 1195 1971 guberna
1219 1930 1350 1971 fragiles

958 1980 997 2011 In
1020 1979 1130 2010 mundi
1156 1978 1248 2018 hujus
1273 1980 1387 2018 pelago

957 2027 1065 2066 Atque
1091 2030 1197 2058 erutos
1223 2035 1357 2066 corpore

958 2074 1016 2106 Pie
1039 2074 1193 2114 benignus
1218 2075 1354 2115 suscipe.

208 1936 240 1968 3.
267 1933 384 1967 Mundi
408 1942 557 1974 pompam
584 1943 655 1965 cum
679 1933 826 1974 principe
900 1934 930 1964 7.

270 1981 452 2024 Spernebat
475 1981 677 2021 mirabiliter,

268 2030 359 2063 Haec
383 2038 477 2062 sacra
501 2030 590 2069 virgo
616 2038 680 2061 non
705 2031 810 2061 cessat

266 2079 337 2111 Deo
363 2076 486 2110 referre
510 2077 639 2118 gratias

959 2150 1025 2189 Quo
1051 2151 1120 2182 sine
1144 2149 1208 2182 fine
1231 2150 1364 2191 gloriam

958 2198 1028 2230 Deo
1052 2198 1139 2237 patri
1164 2206 1235 2230 cum
1258 2197 1326 2231 filio

957 2246 1030 2279 Una
1057 2254 1126 2277 cum
1152 2249 1261 2278 sancto
1287 2246 1403 2286 spiritu

957 2294 1075 2326 Tecum
1102 2302 1250 2325 canamus
1273 2296 1440 2335 perpetim.

207 2155 239 2189 4.
268 2156 399 2188 Interim
428 2153 646 2187 ferocissimae
900 2152 930 2184 8.

267 2203 424 2237 Traditur
451 2203 536 2235 alma
560 2202 694 2242 bestiae,

270 2252 357 2291 Quae
383 2250 554 2292 deglutivit
576 2249 716 2290 puellam

267 2297 443 2333 Confestim
472 2298 719 2331 devotissimam.

282 2385 368 2412 Brev.
399 2393 452 2411 ms.
479 2382 649 2411 Cistercien.
675 2382 772 2410 Italic.
801 2388 876 2409 saec.
901 2377 944 2408 15.
993 2379 1063 2408 Cod.
1092 2378 1234 2407 Oxonien.
1260 2380 1386 2409 Miscell.
1410 2381 1527 2419 Liturg.

203 2421 269 2453 343.
291 2439 328 2444 -
349 2421 377 2458 2,
400 2420 414 2449 1
436 2424 588 2457 martyres.
609 2437 647 2442 -—-
666 2419 695 2456 4,
716 2418 734 2447 2
755 2419 910 2448 Tradatur.
931 2434 968 2438 -—-
989 2418 1015 2451 5,
1035 2416 1055 2446 4
1074 2418 1209 2454 virginis.
