1651 2621
682 127 917 162 -36--

599 220 646 251 52.
683 221 727 251 De
748 219 855 250 sancto
879 220 1012 253 Ansano.

702 296 751 326 Ad
768 296 926 334 Vesper-as.

428 366 457 400 1.
483 367 610 406 Martyr
636 368 776 406 Ansane,
803 375 866 398 non
892 367 1067 400 adhaerens
1092 368 1175 408 pesti

484 414 611 445 Turbae
637 413 801 454 profanae,
827 414 945 446 lumine
971 416 1101 447 coelesti

485 460 681 500 Splendidus
704 469 789 499 sane,
815 464 871 493 tua
897 462 994 494 corda
1016 462 1113 502 plesti

531 508 689 549 Dogmate
713 516 798 541 vero.

424 585 455 616 2.
482 583 565 615 Nam
592 584 737 617 duodeno
763 592 917 623 quaerens
942 593 1024 616 anno
1049 592 1174 616 sacrum

483 631 565 662 Voto
591 641 702 664 screno
726 631 895 672 mysticum
918 632 1091 671 lavacrum,

484 678 676 719 Purgantcm
702 687 798 711 caeno
822 679 971 719 lampade
994 688 1057 711 non
1081 687 1222 710 macrum

530 726 580 757 Tu
604 726 763 766 reperisti.

425 800 456 833 3.
485 800 582 832 Sacer
606 800 741 843 Protasi⁷
770 800 846 839 quid
872 800 911 831 de
935 802 1024 832 tanto
1049 800 1129 832 miro

481 846 590 879 Fideli
613 848 682 879 vasi
706 849 773 879 toto
798 847 916 878 mundo
936 856 1013 887 gyro

482 894 589 926 Mater
616 894 680 936 det,
707 894 795 934 quasi
820 896 951 933 stupens
975 896 1007 925 te
1033 893 1159 934 requiro

530 941 696 973 Murmure
722 943 843 973 cantus¹

424 1017 456 1048 4.
483 1016 560 1047 Alta
586 1025 656 1047 oum
681 1016 758 1048 sede
781 1016 910 1047 nuntius
936 1024 1095 1055 supernus

483 1063 621 1094 Duxerit
645 1064 743 1095 caede
764 1065 830 1094 stat
860 1063 913 1094 hic
937 1064 1103 1096 silicernus

483 1110 602 1141 Latens
626 1110 659 1142 in
683 1109 763 1142 aede
787 1110 923 1149 gliscens
948 1109 1018 1142 fore
1042 1119 1158 1142 vernus

532 1158 637 1190 Fonte
662 1159 801 1190 renatus

429 1235 461 1265 5.
487 1232 588 1264 Manu
618 1241 735 1265 corona
758 1232 854 1264 lactei
882 1233 1030 1265 candoris

484 1280 604 1320 Angeli
628 1280 713 1312 bona
738 1280 824 1311 nivei
848 1280 981 1319 pudoris

488 1328 648 1359 Praetulit
674 1328 757 1359 dona
782 1327 891 1366 superi
916 1327 1040 1370 viroris,

535 1377 620 1413 Quae
644 1375 861 1414 praeparavit.

432 1451 462 1482 6.
489 1450 592 1489 Igitur
616 1450 744 1490 plaude,
772 1449 885 1481 civitas
910 1449 1073 1492 senarum,

485 1496 591 1536 Hujus
617 1506 655 1530 ac
678 1497 774 1528 laude
801 1497 884 1528 diem
909 1506 1006 1536 posce
1032 1498 1163 1535 clarum,

487 1543 585 1582 Quem
610 1544 670 1576 tibi
694 1544 798 1584 gaude
823 1542 892 1575 fore
916 1553 980 1575 non
1005 1552 1136 1576 avarum

535 1592 573 1623 In
598 1591 805 1632 protegendo.

432 1667 463 1699 ¹7.
490 1665 576 1698 Laus
604 1667 741 1698 creatori
766 1666 809 1697 sit
835 1675 898 1697 non
922 1669 1082 1706 generato,

491 1713 541 1745 Sit
565 1713 762 1753 redemptori
786 1713 910 1754 virgine
934 1714 1101 1753 plasmato,

492 1761 694 1793 Consolatori
717 1759 900 1800 flaminique
920 1763 1010 1801 grato

541 1807 662 1840 Cuncta
686 1808 818 1848 regenti.

241 1895 349 1929 Hymn.
376 1903 428 1921 m..
456 1891 592 1920 Senensis
617 1900 692 1920 saec.
721 1890 765 1920 14.
809 1891 876 1920 Cod.
903 1891 1006 1920 Senen.
1031 1893 1051 1920 J
1071 1892 1087 1920 1
1111 1890 1137 1919 6.
1156 1892 1189 1919 A.
1220 1908 1257 1912 —
1283 1895 1391 1930 Hymn‚
1419 1904 1472 1923 ms,

166 1932 305 1961 Senensis
332 1941 407 1959 saec.
437 1929 480 1958 15.
524 1930 594 1957 Ood.
617 1930 735 1959 Cathed.
756 1930 860 1958 Senen.
886 1928 931 1958 25.
954 1929 997 1958 11.
1017 1931 1050 1958 B.
1071 1945 1108 1950 -—
1128 1930 1249 1966 Antiph.
1269 1941 1322 1960 ms.
1344 1934 1474 1962 Senense

167 1979 242 1999 saec.
268 1969 311 1998 15.
352 1969 422 1998 Cod.
445 1969 563 1996 (jathed.
587 1969 691 1996 Senon.
712 1970 751 1996 M.
775 1969 805 1995 G.
825 1984 863 1988 —
883 1968 909 2003 5,
932 1967 952 1996 4
973 1971 1219 2005 praeparaverant
1239 1969 1269 1996 O.

618 2109 664 2141 53.
694 2109 739 2141 De
759 2109 866 2139 sancto
888 2108 1020 2139 Ansano.

688 2187 737 2217 Ad
756 2186 947 2216 Nocturnum.

170 2259 201 2292 1,
231 2257 373 2289 Aeterna
395 2256 475 2286 nutu
497 2254 655 2296 bajulans,
846 2256 876 2288 2.
906 2254 1006 2287 Sertis
1032 2253 1154 2286 duobus
1179 2254 1330 2300 fulgidus,

229 2304 358 2343 Mai-tyr
381 2304 520 2344 Ansam,
547 2303 723 2342 praemium
903 2302 1038 2333 Florens
1061 2303 1193 2342 juventa
1219 2306 1367 2349 candida,

230 2351 379 2391 Votoque
402 2350 473 2380 miti
496 2350 660 2389 postulans
906 2349 1039 2381 Senensi
1063 2349 1176 2382 turbae
1201 2353 1355 2391 providus

232 2398 390 2439 Quaesisti
415 2397 495 2428 coeli
519 2398 682 2437 gremium.
905 2397 950 2429 Ut
971 2397 1066 2429 stella
1089 2397 1199 2430 lucens
1225 2400 1406 2440 splendida.
