1651 2621
795 144 1053 180 —192—

598 243 624 273 7.
654 241 762 273 Gloria
787 241 854 282 tibi,
881 240 1026 279 Domine,

661 288 719 327 Qui
743 288 877 327 gratiam
901 297 959 329 pro
986 287 1117 318 crimine

660 334 852 367 Condonasti
875 335 1027 374 piissime,

658 384 687 414 A
699 385 817 414 etern
829 391 846 413 e
876 391 949 413 rex
971 381 1158 413 altissim
1171 389 1196 413 e.

348 446 432 473 Brev.
464 455 516 473 ms.
547 446 763 474 Salernitanum
798 455 873 475 saec.
903 445 945 474 15.
992 446 1061 474 Cod.
1088 445 1180 481 Capit.
1206 445 1342 473 Salei-nit.
1370 452 1393 471 s.
1420 452 1449 470 n.
1475 443 1510 470 A.
1537 455 1575 460 —-

272 484 374 520 Propr.
395 483 610 512 Salernitanum
630 486 699 520 imp.
719 485 844 521 Neapoli
865 483 945 512 1594.
966 484 999 511 B.
1020 497 1055 502 —-
1076 482 1103 517 4,
1125 483 1142 510 2
1161 483 1203 510 Et
1222 483 1363 510 excitavit
1381 482 1415 509 B.

704 574 769 605 326.
799 575 842 605 De
862 576 969 606 saneto
989 575 1154 605 matthaeo.

821 641 870 670 Ad
888 641 1015 670 Laudes.

273 711 303 742 1.
330 709 454 741 Laudet
477 710 537 741 Dei
564 711 759 741 elementiam
948 712 978 743 3.
1007 709 1213 742 Commendat
1237 708 1381 741 Christus
1407 706 1552 748 gratiam,

327 756 518 796 Matthaeus,
544 757 737 796 Iphigeniam
1004 757 1086 788 Dum
1112 756 1207 787 donat
1231 758 1306 794 post
1328 753 1500 794 nequitiam

326 803 408 835 Dum
439 804 467 834 ei
491 812 637 842 sponsam
662 801 791 842 fecerat,
1002 803 1045 835 Et
1069 806 1143 842 post
1167 802 1287 833 saeculi
1311 801 1434 832 scelera

323 849 408 881 Jam
435 850 632 882 Christus
665 852 784 880 astra
817 859 884 880 as·
1003 851 1178 881 Aeterna
1203 848 1353 882 Christi
1376 855 1544 879 munera.

640 904 657 926 0
667 905 683 927 θ
692 906 711 926 1¹
723 896 742 927 d
753 905 794 927 ΕΓ
804 905 823 927 a
833 900 854 927 ῗ·
943 907 975 938 4.
1003 906 1149 945 Quisquis
1175 905 1216 936 ad
1240 909 1328 936 tuam
1352 904 1486 944 gloriam

267 954 297 984 2.
325 952 382 990 Qui
407 951 532 983 tandem
556 960 615 991 per
639 952 824 991 martyrium
1002 952 1142 984 Coluerit
1165 952 1349 983 memoriam

321 998 422 1037 Regni
447 999 629 1030 conscendit
652 999 774 1038 solium,
999 999 1167 1038 Matthaei,
1194 999 1295 1030 redde
1318 998 1505 1037 praemium,

319 1044 446 1082 Fecisti,
474 1045 606 1083 Christe,
632 1046 786 1085 inolitum,
1003 1045 1026 1077 C
1036 1046 1054 1077 h
1064 1046 1125 1076 ris
1135 1049 1149 1076 t
1157 1054 1191 1085 e,
1211 1055 1228 1076 r
1239 1054 1256 1076 e
1266 1046 1287 1076 d
1299 1054 1316 1076 e
1325 1054 1356 1075 m
1366 1054 1387 1084 p
1396 1048 1410 1075 t
1419 1053 1437 1076 o
1447 1054 1463 1076 r
1486 1053 1503 1075 o
1514 1053 1543 1074 m
1556 1061 1568 1066 -

320 1091 427 1122 Deus
451 1094 613 1123 tuorum
637 1092 831 1123 militum.
1337 1093 1457 1123 nium.

657 1150 686 1180 5.
714 1147 824 1180 Gloria
848 1148 917 1191 tibi,
944 1148 1088 1180 Domine.

335 1212 417 1239 Brev.
448 1221 501 1239 ms.
528 1212 744 1240 Salernitanum
775 1222 851 1241 saec.
880 1212 924 1241 15.
973 1214 1042 1241 Cod.
1070 1213 1111 1241 Ca
1131 1215 1163 1241 it.
1192 1214 1329 1242 Salernit.
1355 1222 1378 1241 s.
1404 1222 1435 1240 n.
1465 1214 1499 1241 A.
1530 1229 1569 1234 —

260 1249 358 1284 Propr.
380 1249 594 1277 Salernitanum
614 1252 682 1287 imp.
703 1252 829 1286 Neapoli
851 1249 930 1279 1594.
952 1252 984 1279 B.
1006 1267 1045 1271 —
1067 1251 1091 1287 1,
1151 1252 1370 1288 Euphigeniam
1389 1252 1424 1279 A.

612 1341 676 1372 327.
704 1341 739 1372 In
759 1341 978 1373 Translatione
998 1351 1021 1373 s.
1042 1342 1203 1373 Matthaei.

797 1409 846 1438 Ad
865 1409 1022 1446 Vesperas.

262 1478 279 1509 1
320 1478 372 1509 Ad
397 1478 529 1508 salutem
558 1476 710 1517 fidelium,
940 1481 970 1511 5.
997 1479 1094 1510 Festo
1120 1479 1268 1510 translati
1291 1481 1432 1519 eorporis

321 1523 405 1555 Cleri
431 1524 524 1555 simul
550 1527 580 1555 et
606 1525 729 1563 civium,
996 1525 1060 1556 Sub
1085 1526 1227 1557 novitate
1249 1528 1402 1566 temporis

323 1571 415 1601 Venit
438 1578 550 1609 eorpus
575 1571 721 1609 apostoli,
996 1571 1094 1603 Novis
1119 1573 1274 1604 laetemur
1297 1575 1466 1612 mentibus,

320 1616 369 1647 Sit
391 1616 460 1647 laus
487 1617 612 1647 divinae
636 1617 747 1648 soboli.
995 1618 1140 1661 Hymnis,
1166 1621 1248 1652 rosis
1272 1625 1303 1652 et
1327 1620 1469 1657 floribus

263 1673 293 1703 2.
321 1671 441 1710 Lauda,
466 1670 542 1702 felix
568 1672 710 1710 eeclesia,
939 1675 969 1707 6.
997 1674 1130 1716 Christe,
1157 1677 1210 1716 qui
1234 1679 1318 1718 regis
1343 1679 1513 1720 hominem,

320 1719 436 1757 Pange,
464 1718 581 1750 Christi
605 1719 784 1759 praeconia,
995 1722 1053 1760 Qui
1077 1724 1183 1762 perire
1207 1725 1255 1756 vis
1279 1727 1447 1769 neminem,

323 1764 423 1796 Claris
448 1764 577 1795 vocibus
601 1765 719 1804 intona,
994 1769 1219 1811 Evangelistae
1242 1774 1346 1812 gratia

321 1811 392 1843 Sint
411 1819 473 1842 vox
498 1813 530 1841 et
555 1812 649 1843 corda
675 1821 818 1846 consona.
995 1817 1100 1849 Trahe
1125 1828 1182 1850 nos
1208 1820 1249 1851 ad
1274 1821 1433 1855 sublimia.

264 1869 293 1901 3.
321 1867 442 1920 Plaude
467 1867 591 1919 divinae
613 1869 740 1908 gratiae,
936 1874 965 1906 7.
992 1873 1015 1906 Ο
1041 1875 1214 1916 Matthaee,
1240 1880 1273 1909 te
1297 1879 1467 1920 poscimus,

321 1914 400 1952 Quia
424 1917 603 1952 conJunetus
628 1916 746 1955 gloriae
993 1921 1107 1954 Omnes
1132 1923 1185 1963 qui
1209 1925 1269 1956 tibi
1295 1926 1428 1959 vivimus

321 1960 502 1992 Matthaeus
527 1970 583 1992 nos
607 1971 667 1993 non
694 1964 820 2006 deserit³
993 1969 1064 2011 Ora,
1091 1972 1176 2010 quod
1201 1972 1263 2004 Dei
1287 1972 1371 2006 filius
1430 1953 1438 1971 ⁷

320 2007 387 2039 Nos
412 2010 527 2046 servat,
554 2008 657 2039 hostes
684 2012 824 2044 conterit.
991 2015 1066 2047 Fiat,
1088 2018 1180 2050 nobis
1204 2022 1373 2060 propitius.

263 2066 294 2096 4.
322 2063 486 2103 Sumptum
513 2072 551 2116 ex
575 2064 744 2117 Aethiopia
936 2071 965 2102 8.
993 2071 1194 2117 Quaesumus,
1224 2080 1334 2109 auctor
1360 2081 1498 2114 omnium

322 2111 442 2149 Corpus
469 2113 553 2150 cep1t
574 2110 748 2163 Dntann1a‚
991 2118 1036 2149 Ut
1060 2119 1122 2150 hoe
1144 2123 1295 2159 paschale
1319 2127 1467 2163 gaudium
1501 2107 1508 2122 ’

320 2159 399 2190 Post
423 2166 461 2188 ex
484 2157 620 2188 Lueams
644 2156 759 2189 finibus
994 2164 1061 2195 Nos
1085 2174 1144 2203 per
1169 2171 1275 2199 reatus
1301 2172 1425 2203 veniam

320 2204 423 2236 Datur
448 2204 572 2236 Salerni
598 2204 726 2236 civibus.
995 2209 1111 2242 Laetos
1138 2212 1233 2246 ducat
1256 2216 1297 2246 ad
1323 2220 1467 2257 patriam,

659 2262 689 2293 9.
717 2260 826 2293 Gloria
849 2262 918 2302 tibi,
944 2263 1088 2297 Domine.

338 2325 421 2352 Brev.
453 2333 505 2368 ms.
532 2324 747 2369 Salem-itanum
777 2333 851 2370 ’ὁδε-(ζ.
878 2324 921 2353 15.
971 2326 1038 2354 Cod.
1070 2328 1164 2364 Capit.
1194 2331 1329 2362 Salernit.
1355 2347 1377 2365 s,
1402 2351 1431 2370 Π,
1461 2346 1494 2374 Α.
1520 2364 1557 2370 ᾖ

261 2362 602 2408 Propi-..Salernitanum
628 2372 696 2398 imp.
724 2363 856 2391 Venetus
883 2361 968 2408 -1594,
993 2365 1028 2392 B.
1059 2380 1096 2384 —
1132 2368 1216 2395 Brev,
1243 2370 1371 2403 Emense
1394 2380 1434 2408 im
1498 2402 1501 2405 Ι
1539 2398 1555 2408 .-

261 2409 383 2437 pignam
404 2398 477 2428 1500
498 2401 529 2427 C.
1434 2391 1461 2418 1³-
1488 2386 1539 2415 Pei
