1651 2621
688 111 950 146 -241—

477 209 507 241 6.
536 207 680 248 Totaque
704 208 797 240 nobis
822 208 950 240 trinitas
975 206 1095 247 faveto,

531 254 646 288 Unitas
671 258 799 288 nostros
824 256 969 288 stimulos
996 258 1120 299 caveto,

536 303 668 336 Eximas
692 306 799 336 coetus
825 304 1013 345 animaeque
1037 304 1114 345 leto,

583 350 655 384 Rex
680 351 871 385 dominator.

238 416 349 451 Hymn.
368 425 423 445 ms.
445 415 475 444 S.
489 416 626 453 Gregorii
646 417 678 444 in
691 417 773 445 Urbe
792 426 868 445 saec.
891 415 935 445 14.
973 417 1042 445 Coa.
1055 417 1192 446 Vaffican.
1211 415 1296 445 7599.
1319 417 1384 444 add.
1400 425 1477 445 saec.

162 450 208 481 14.
228 455 264 482 A.
283 468 322 473 —-
349 455 435 483 Brev.
454 464 510 483 ms.
529 454 742 484 Monac-‘horum
761 455 941 492 Angelorum
960 456 1090 484 Florent.
1116 463 1192 484 saec.
1219 453 1263 482 15.
1304 454 1373 483 Cod.
1392 455 1475 484 Vati-

162 500 226 520 can.
248 493 354 522 Urbin.
380 491 446 521 599.
465 493 500 521 B.
522 507 559 512 ——
579 493 671 522 Psalt.
692 503 745 522 ms.
767 493 993 522 Oamaldulense
1012 502 1088 522 saec·
1110 492 1153 521 15.
1194 493 1263 522 Cod.
1284 494 1475 521 Laurentian-

164 529 255 558 Conv.
280 538 344 566 sup.
370 528 436 559 542.
465 531 497 559 C.
521 546 561 551 -ψ
586 531 673 560 Brev.
701 541 752 560 ms.
781 531 810 559 S.
833 531 987 559 Michaelis
1015 531 1051 559 de
1070 532 1168 567 Burgo
1194 533 1264 559 amri
1290 529 1370 560 1457.
1407 530 1475 559 Cod.

163 569 295 597 Ravenn.
317 567 381 597 139.
405 567 429 597 1.
451 569 482 597 Z.
502 569 541 597 D.
559 585 597 590 —
615 571 707 598 psalt.
728 579 780 598 ms.
803 569 1027 598 Camaldulense
1046 578 1121 598 saec.
1143 568 1188 598 15.
1229 569 1298 597 Ood.
1320 570 1476 597 Tam-ineu.

162 605 393 674 ΞθξΠῖὲὲΞἜ-ἶ-
412 607 501 636 Brev.
522 608 748 636 camaldulense
767 610 837 644 imp.
857 607 1026 636 Florentiae
1047 605 1130 636 1484,
1148 609 1182 635 F.
1196 623 1232 628 ——
1254 606 1281 643 1,
1298 606 1316 635 2
1335 608 1404 635 Dux
1416 608 1474 635 Ra-

549 776 614 808 410.
647 776 690 808 De
710 784 750 807 ss.
771 776 879 807 Rufino
902 778 934 807 et
957 775 1086 808 cosidio.

408 857 438 891 1.
467 857 634 890 Laudibus
665 857 780 889 vestris
804 857 999 889 modulando
1024 859 1133 889 noster

466 905 604 937 Incubat
630 908 747 945 coetus,
776 905 859 943 date,
883 904 978 945 digna
1003 905 1098 936 laude

469 951 619 985 Proferat
645 952 750 992 digne,
777 952 818 983 sit
843 955 880 984 ut
903 953 975 991 ipse
999 955 1106 984 vestro

511 999 647 1032 Munere
674 1000 797 1039 dignus,

408 1058 439 1090 2.
466 1056 614 1089 Mutuum
638 1056 729 1088 nobis
758 1056 854 1087 decus
885 1057 961 1088 estis
986 1055 1089 1096 ambo,

464 1103 548 1142 Quos
573 1112 672 1144 genus
699 1107 811 1143 comat,
839 1104 939 1135 honor
964 1104 1065 1134 almus
1091 1105 1194 1142 ornat,

464 1151 614 1184 Inclitum
640 1152 754 1183 summi
779 1150 925 1183 meritum
951 1149 1099 1190 trophaei

515 1198 615 1231 Tollit
639 1198 681 1231 ad
707 1202 804 1232 astra.

409 1257 441 1289 3.
468 1256 593 1289 Primus
620 1256 660 1287 ar]
686 1255 817 1294 bellum,
845 1254 935 1287 decet
961 1258 997 1285 ut
1018 1256 1195 1295 parentem,

467 1302 578 1342 Surgis
604 1303 750 1343 antistes,
777 1303 912 1335 celebris
935 1301 1059 1341 Rufino,

466 1350 626 1383 Lauream
652 1350 807 1390 praebent
835 1349 892 1381 tibi
919 1350 1033 1392 vincla,
1061 1356 1180 1388 carcer,

514 1398 603 1438 Ignis
629 1401 662 1429 et
687 1399 779 1430 ensis.

408 1457 440 1489 4.
466 1455 610 1495 Quantus
635 1463 682 1494 es,
708 1455 825 1495 pandit
847 1453 909 1485 tibi
932 1462 1022 1485 mons
1040 1453 1223 1493 dehiscens,

470 1503 588 1536 Pandit
612 1505 645 1534 et
668 1501 764 1534 funus
788 1502 894 1542 potius
919 1501 1058 1543 beatum,

467 1551 531 1584 Per
553 1550 639 1591 quod
665 1550 706 1582 ad
732 1551 830 1582 vitam
855 1557 1011 1590 properas
1037 1550 1200 1588 decenter,

514 1598 633 1639 Magne
659 1597 778 1632 Gesidi.

409 1658 440 1689 5.
466 1654 633 1688 Hactenus
657 1658 806 1694 mentem,
832 1663 934 1693 sacer,
959 1653 1147 1686 immolabas

468 1704 694 1736 lmmolaturus
720 1702 849 1735 veniens
873 1703 917 1735 ad
942 1711 1040 1745 aram,

465 1750 637 1783 Victimam
665 1759 780 1791 eorpus
805 1750 901 1783 modo
929 1751 986 1782 das
1012 1753 1043 1781 et
1063 1749 1172 1789 ipsum

515 1798 612 1830 Ensis
638 1799 681 1830 ad
704 1799 814 1830 ictum.

409 1857 439 1889 6.
468 1855 588 1889 ansor
611 1856 782 1896 insontum,
809 1854 980 1887 maledicte
1006 1853 1133 1892 Caesar,

469 1903 567 1943 Quem
592 1905 666 1934 tuus
691 1905 855 1942 quaestum
881 1900 972 1934 furor
997 1904 1045 1932 est
1070 1897 1230 1940 adeptus?

468 1952 551 1985 Fers
577 1950 691 1991 quibus
717 1953 846 1991 terram,
877 1949 973 1982 modo
997 1947 1135 1981 laureati

515 1999 639 2031 Aethre
666 1997 826 2033 fruuntur,

411 2058 441 2090 7.
469 2056 552 2089 Inde
576 2064 642 2098 vos,
670 2058 769 2086 testes
795 2059 828 2087 et
852 2054 1054 2095 agonithetae

466 2103 600 2136 Nobiles
624 2102 756 2143 Christi,
782 2103 929 2145 petimus,
959 2101 1109 2134 clientum

465 2152 548 2184 Vota
573 2154 751 2185 vestrorum
778 2151 871 2183 simul
898 2154 930 2182 et
954 2157 1123 2189 precamen

513 2200 717 2240 RespioiatiS.

407 2260 439 2293 8.
465 2257 624 2298 Moribus,
651 2257 727 2296 vita,
755 2256 877 2288 meritis
903 2256 1088 2295 sequantur,

466 2306 550 2345 Quos
575 2304 764 2338 verecundis
792 2306 986 2337 venerantur
1011 2302 1091 2344 odis,

465 2353 581 2386 Vester
608 2357 645 2387 ut
672 2354 797 2393 possint
820 2352 874 2385 ubi
902 2351 1077 2384 coelibatus

514 2401 631 2442 Fulget
656 2402 755 2435 abire.

221 2463 347 2488 Dreros,
362 2459 452 2488 Hymni
465 2460 562 2484 Inediti.
1279 2450 1321 2480 16³
