1651 2621
715 125 946 162 „52-

181 219 215 252 3.
241 219 331 250 Inter
355 228 432 259 quos
456 222 579 259 martyr
602 221 738 262 Blasins,
858 223 889 254 5.
917 222 941 254 O
970 230 1097 254 consors
1124 221 1241 253 Christi
1266 222 1449 258 martyrum,

241 265 451 298 Sebastiensis
475 266 629 308 pontifex,
917 268 1018 300 Nobis
1044 277 1136 309 opem
1163 271 1196 300 et
1219 268 1355 308 gratiam

237 313 414 346 Decertans
438 314 615 355 gloriosius,
918 316 1026 360 Posce,
1053 316 1209 348 medelam
1233 314 1387 346 scelerum

240 359 335 392 Chori
359 361 402 392 sit
425 361 519 400 hujus
543 361 661 401 opifex.
916 363 960 395 Et
984 372 1107 396 sursum
1134 361 1359 395 comitantiam.

180 418 211 450 4.
238 416 401 456 Agricolai
424 420 566 457 tempore
861 421 891 453 6.
918 420 1017 460 Patri,
1042 423 1117 453 nato
1143 429 1214 452 cum
1238 417 1364 450 flamine

237 464 302 496 Sub
327 464 485 504 praesidis
510 465 642 498 saevitia
916 466 966 499 Sit
988 468 1057 499 laus
1084 470 1116 499 et
1136 466 1295 507 Jubilatio‚

236 511 318 543 Tuto
340 511 460 551 potitus
484 512 578 544 litore
915 513 1036 546 Nostra
1057 514 1101 547 sit
1123 516 1227 553 atque,
1254 511 1398 549 Domine,

237 558 387 598 Migravit
411 558 528 591 Christi
553 560 665 600 gratia.
913 560 1007 593 Felix
1033 570 1102 593 cum
1125 560 1242 592 sanctis
1264 558 1384 590 concio.

252 632 337 660 Brev.
357 632 655 661 Gallicano-Siculum
679 636 748 670 imp.
768 634 900 662 Venetiis
932 633 1012 662 1527.
1032 651 1071 655 —
1091 632 1116 668 l,
1136 632 1155 661 2
1179 633 1331 661 Coronam.
1352 646 1391 651 —-
1409 630 1437 663 3,
1457 627 1478 656 -1-

183 670 291 703 Quanti
311 671 351 698 sit
369 670 455 705 hujus
474 672 614 707 pontifex.

641 782 687 813 95.
716 783 760 813 De
780 783 887 813 sancto
908 782 1023 813 Blasio.

462 859 492 891 1.
519 860 679 893 Praesulis
704 861 779 895 almi
804 861 904 892 Blasii
928 861 1024 900 beati,

520 907 595 939 Vita
615 908 783 947 praeclari,
809 907 949 939 moribus
973 909 1088 947 ornati,

519 953 618 986 Gesta
643 955 776 986 colenda
800 954 865 986 fide
887 954 1025 986 trabeati

569 1001 681 1034 Cuncti
704 1001 879 1034 laudemus.

463 1058 493 1089 2.
521 1056 653 1089 Saeculo
678 1059 786 1097 spreto
813 1066 883 1088 oum
907 1058 1032 1097 pompis
1060 1057 1171 1097 ipsius,

516 1103 708 1136 Pontificatu
732 1103 877 1135 manibus
903 1105 983 1135 alius

515 1150 650 1190 Relictor
676 1150 781 1190 poscit
804 1150 865 1182 Dei
892 1151 977 1182 cultu
1001 1151 1073 1191 pius

560 1199 720 1237 Asperum
745 1206 865 1231 nemus

458 1255 489 1287 3.
517 1254 615 1293 Quem
639 1255 810 1286 tenebrosa
833 1254 929 1286 turba
955 1254 1156 1294 deposcebat,

514 1302 562 1335 Ut
583 1302 688 1341 possit,
708 1303 779 1343 ipse
804 1300 886 1341 faui,
911 1303 1087 1344 satagebat,

516 1348 686 1381 Gonsessor
709 1350 811 1382 almus
836 1349 893 1380 has
919 1348 1049 1382 fraudes
1073 1350 1227 1381 noscebat

566 1398 672 1436 Atque
691 1396 822 1428 vitabat.

460 1454 492 1485 4.
520 1453 634 1485 Coram
655 1454 808 1493 spelunca
829 1451 918 1484 ferae
941 1453 1146 1492 mansionem,

519 1500 673 1531 Gerentes
697 1499 817 1531 nullam
842 1499 904 1531 sibi
928 1500 1110 1541 laesionem,

516 1547 656 1578 Poscunt
679 1547 719 1579 ab
745 1554 781 1578 eo
805 1546 1068 1588 benedictionem,

562 1595 660 1633 Quam
685 1596 812 1626 sanctus
840 1594 946 1629 dabat.

465 1652 495 1682 5.
521 1651 720 1691 Agricolaus,
744 1650 979 1682 maledictionis

519 1698 632 1737 Filius,
658 1698 770 1729 haeres
794 1697 1040 1740 lamentationis,

521 1745 654 1777 Praeses
675 1745 763 1776 1111115
788 1747 857 1775 erat
881 1745 1028 1786 regionis,

564 1791 669 1824 Judex
695 1798 727 1823 et
747 1791 903 1830 planctus.

458 1849 489 1882 6.
517 1849 613 1888 Cujus
637 1848 774 1880 ministri
798 1849 972 1888 gaudentes
996 1849 1107 1881 venari

518 1896 658 1936 Pergunt
682 1897 724 1928 ad
748 1904 859 1935 rupem
884 1899 989 1928 tamen
1015 1900 1045 1928 et
1069 1897 1183 1937 ignari,

518 1943 556 1975 ln
581 1953 643 1983 qua
669 1943 788 1983 delegit
810 1943 859 1974 vir
883 1943 945 1975 Dei
968 1944 1086 1976 morari

564 1991 691 2023 Blasius
715 1993 854 2024 sanctus.

465 2048 495 2079 7.
521 2047 572 2079 Ibi
596 2046 735 2079 ferarum
760 2047 883 2086 copiam
906 2051 1081 2088 cernentes,

518 2095 694 2127 Venatione
719 2094 808 2127 varia
831 2096 1007 2134 stupentes,

516 2142 658 2173 fflasium
682 2144 826 2174 sanctum
850 2145 922 2173 sunt
945 2142 1153 2182 invenientes,

567 2189 726 2222 Cultorem
752 2189 850 2228 pacis.

458 2247 489 2280 8.
514 2246 650 2278 Nomine
675 2247 762 2286 cujus
788 2247 820 2276 et
844 2245 1023 2277 conditione

517 2294 672 2332 Quaesitis
697 2294 816 2333 absque
840 2294 1088 2325 murmuratione

518 2341 656 2373 Ducitur
678 2350 777 2382 agnus
800 2341 1058 2380 praesentatione

562 2388 647 2428 Lupi
670 2388 806 2429 rapacis.
