1651 2621
692 90 926 125 *98-

409 194 440 226 9.
467 189 579 223 Gloria
601 188 687 229 patri
711 187 897 229 genitaeque
920 185 1014 225 proli,

465 237 577 270 Gloria
599 238 709 268 sancto
732 233 854 266 flamini
877 233 920 265 sit
943 240 1078 273 semper,

462 286 507 318 Et
529 293 586 317 nos
612 283 776 316 laudemus
801 281 970 314 Dominum
996 280 1036 312 de
1060 278 1156 311 caelis

511 333 669 371 Tempore
692 329 800 365 saecli,

230 402 315 428 BreV.
344 408 397 427 ms.
417 399 603 427 Vei-cellense
631 405 706 424 saec.
729 393 773 422 13.
815 394 883 424 Cod.
914 392 1007 429 Capit.
1030 392 1193 420 Vei-cellen.
1216 391 1345 420 CXCIII.
1365 391 1401 419 A.
1427 407 1467 411 —

155 438 241 465 Brev.
273 447 325 465 ms.
344 437 529 465 Vercellense
558 444 632 463 saec.
653 432 698 462 13.
739 434 808 461 Cod.
830 432 924 469 Capit.
943 431 1107 459 Vei-cellen.
1133 430 1244 459 XLHI.
1265 431 1298 458 B.
1317 444 1355 448 —
1375 429 1466 458 Psalt.

156 485 208 503 ms.
229 476 414 504 Vei-cellense
436 483 512 503 sace.
535 472 578 502 15.
613 473 681 501 Cod.
697 473 793 508 Capit.
809 471 971 499 Vercellen.
992 470 1055 498 XL.
1071 468 1101 496 C.
1121 483 1159 487 —
1178 469 1264 496 BreV.
1278 468 1468 496 Vei-cellense

154 515 223 550 imp.
245 522 267 540 ς.
287 513 305 540 1.
328 515 364 541 et.
385 522 411 540 a.
431 512 468 540 D.
491 526 527 531 --
548 509 574 546 2,
596 509 613 539 3
633 510 765 538 faciendo
786 517 869 538 saei-0
889 508 949 536 AB.
969 523 1007 527 -
1026 505 1053 541 4,
1076 505 1090 534 1
1112 507 1250 543 malignis
1270 507 1308 534 D.

584 603 645 635 158.
675 603 718 634 De
737 603 843 633 saneto
864 600 1027 639 Eutyclno.

696 678 745 709 Ad
764 679 921 716 Vesperas.

160 751 190 784 1.
216 752 254 783 In
279 751 363 782 valle
382 751 492 781 sancta
514 748 644 781 Domini
854 749 885 780 7.
911 750 949 781 In
974 756 1036 787 qua
1059 746 1185 788 prolixo
1210 749 1354 787 tempore

217 797 402 829 Castoriana
426 797 534 828 lucida
907 795 1073 827 Altissimo
1101 794 1293 835 deserviens,

215 845 293 877 Post
319 845 400 876 diem
428 843 567 875 clausum
592 842 719 873 termini
909 840 1066 882 Affligens
1092 851 1127 874 se
1147 841 1293 882 viriliter,

215 891 380 930 Seraphici
399 889 552 929 Eutychii
909 889 1057 922 Hostium
1083 889 1169 921 bella
1192 898 1346 929 superans

159 949 191 980 2.
218 948 344 979 Devota
366 949 473 978 mente
492 946 629 986 populus
853 948 884 980 8.
909 945 1097 986 Ibidemque
1120 945 1295 978 instructus

216 994 385 1034 Omnisque
409 1002 467 1025 sua
491 992 612 1025 familia
908 993 1035 1025 Divinis
1061 993 1158 1025 armis
1184 993 1311 1025 fervide

216 1041 343 1073 Laudes
367 1040 531 1080 persolvat
556 1039 679 1071 debitas
910 1040 962 1072 Ab
989 1041 1165 1081 angeloque
1188 1041 1370 1073 admonitus

214 1089 253 1121 ln
277 1090 343 1120 tam
367 1086 482 1119 festiva
507 1087 632 1127 gaudia.
910 1087 1053 1127 Reliquit
1076 1088 1180 1127 ipsam
1204 1088 1316 1121 libere.

158 1146 188 1178 3.
215 1144 272 1184 Qui
298 1143 426 1176 veniens
453 1143 492 1175 de
518 1143 612 1184 Syria
854 1145 885 1177 9.
911 1143 957 1177 Ut
980 1153 1043 1176 non
1068 1144 1195 1176 labores
1221 1143 1356 1185 fugeret,

215 1192 293 1224 Cum
317 1200 373 1223 suo
399 1195 492 1231 patre
515 1190 696 1230 Anastasio,
910 1192 995 1232 Quos
1021 1190 1140 1223 Christi
1164 1201 1273 1224 amore
1296 1197 1457 1238 coeperat,

215 1240 313 1278 Quam
336 1239 481 1279 pluribus
507 1236 666 1278 affinibus,
911 1239 996 1272 Vero
1020 1241 1057 1271 ut
1079 1239 1168 1271 Deus
1193 1241 1377 1272 ostenderet

214 1287 294 1326 Ejus
319 1294 466 1326 germano
492 1285 606 1325 Britio‚
911 1285 975 1318 Hic
999 1295 1058 1318 sua
1080 1289 1193 1319 sancta
1212 1289 1338 1322 merita.

160 1344 192 1376 4.
217 1342 270 1375 Ad
296 1343 410 1374 almam
435 1341 546 1374 urbem
569 1350 707 1382 propere
842 1343 896 1377 10.
911 1342 977 1376 Ubi
1001 1342 1102 1383 fulget
1122 1344 1284 1376 miraculis

219 1390 362 1430 Pergunt
384 1388 511 1421 fervore
533 1388 620 1429 fidei,
910 1390 1121 1423 Necessitatis
1145 1393 1301 1436 tempore,

218 1439 337 1469 Amore
363 1435 480 1468 Christi
505 1437 630 1475 perpeti
913 1437 1002 1470 Sicut
1025 1441 1116 1478 patet
1139 1439 1272 1472 indubie

221 1483 418 1516 Gravissima
445 1484 612 1522 supplicia.
911 1486 950 1517 ln
974 1485 1113 1517 Nursiae
1136 1487 1314 1525 provincia,

165 1542 196 1572 5.
224 1541 338 1573 Omnes
362 1543 554 1578 percurrunt
577 1540 698 1578 pariter
843 1541 897 1574 11.
913 1541 971 1573 Cui
997 1540 1169 1574 confessori
1193 1543 1353 1583 Eutychio

219 1587 445 1627 Apostolorum
467 1586 587 1629 limina,
912 1587 975 1620 Est
1002 1588 1142 1628 obligata
1165 1589 1285 1622 Nursia

222 1635 269 1668 Ut
291 1634 419 1666 valeant
441 1634 609 1673 percipere
913 1635 1018 1674 Ipsius
1040 1636 1126 1668 vitae
1149 1638 1263 1669 merito

218 1682 399 1714 victoriosa
422 1680 544 1713 bravia.
914 1682 994 1715 Cum
1017 1684 1087 1714 tota
1109 1683 1174 1716 ista
1196 1685 1314 1724 patria.

163 1740 193 1773 6.
220 1739 320 1778 Quam
344 1737 454 1769 urbem
480 1740 554 1777 post
579 1737 719 1769 deseruit
844 1738 1025 1770 12.G101·ia
1048 1738 1117 1782 tibi,
1140 1739 1286 1783 Domine,

218 1786 376 1825 Martyrio
401 1785 602 1827 perterrituS‚
915 1785 975 1824 Qui
1000 1786 1170 1826 gloriosum
1192 1788 1387 1829 Eutychium

217 1833 368 1865 Pervenit
391 1834 467 1864 tunc
489 1832 666 1872 Eutychius
913 1832 966 1864 Ad
991 1835 1024 1864 te
1048 1835 1171 1866 vocasti
1194 1835 1292 1868 hodie

221 1880 275 1912 Ad
298 1879 435 1912 insulam
455 1879 630 1912 Bulsinam.
915 1879 969 1911 Ad
994 1881 1219 1920 sempiternum
1244 1885 1404 1924 gaudium,

236 1946 322 1973 Brev.
349 1954 403 1972 ms.
433 1945 462 1973 S.
487 1945 569 1973 Petri
592 1945 628 1973 de
652 1945 771 1973 Penisio
804 1953 875 1972 iaec.
904 1943 947 1972 14.
988 1944 1058 1973 (sod.
1084 1946 1269 1976 Vallieellan.
1295 1951 1320 1978 B
1340 1949 1378 1978 92
1403 1953 1468 1981 add,

163 1991 240 2011 saec.
264 1981 306 2011 15.
327 1997 365 2002 —
384 1980 411 2017 3,
434 1981 452 2010 2
471 1980 541 2011 Lies
563 1982 635 2010 Cum
653 1985 737 2019 patre
756 1982 934 2010 Anastasio?
954 1997 991 2001 —
1012 1982 1037 2018 9,
1059 1981 1076 2011 3
1096 1984 1139 2012 Ut
1157 1994 1225 2014 vero
1245 1987 1335 2016 Deus.

589 2073 650 2105 159.
679 2074 725 2105 De
744 2075 851 2106 sancto
869 2074 1034 2114 Eutychio.

718 2150 766 2181 Ad
784 2151 912 2181 Laudes.

162 2222 192 2254 1.
220 2218 379 2253 Defensor
402 2222 511 2252 noster
534 2220 653 2262 inclite,
843 2222 874 2254 2.
898 2222 962 2253 Pro
988 2220 1100 2260 quibus
1125 2225 1196 2254 orat
1219 2227 1356 2265 populus

219 2267 306 2300 Audi
329 2269 438 2300 nostra
461 2269 653 2311 precamina,
899 2268 963 2300 Hic
986 2271 1152 2300 acervatus
1176 2271 1297 2313 sitiens,

221 2315 268 2348 Ut
291 2315 450 2348 valeamus
476 2314 619 2356 frugibus
899 2315 945 2348 Ut
967 2315 1078 2355 pluvia
1101 2315 1247 2350 reficiens

220 2362 297 2395 Tuis
322 2363 461 2403 gaudere
484 2363 642 2403 precibus.
899 2362 1084 2395 Fructifera
1111 2365 1255 2398 donetur.
