1653 2622
742 147 1001 187 -293-

483 246 514 281 2.
536 245 674 290 Magnus
700 249 817 282 excelsi
843 248 948 283 fuerat
972 249 1131 294 sacerdos,

544 296 741 330 Praedicans
765 300 874 337 gentes
903 298 982 331 bene
1006 298 1246 340 transmarinas,

543 344 624 377 Inde
648 345 806 378 Veronam
832 345 919 379 Deus
942 347 1027 379 hunc
1050 346 1093 379 ad
1117 346 1230 379 urbem

590 392 724 425 Mittere
749 396 848 427 curat.

483 450 515 484 3.
543 449 611 489 Qua
639 450 742 483 Deum
767 451 900 483 multum
923 453 1075 492 populum
1100 452 1241 484 lucratus

543 498 679 531 Instruit
704 497 822 539 verbis,
848 500 1000 532 solidavit
1024 499 1114 540 actis,

542 545 581 578 In
605 546 675 579 Deo
705 546 835 579 tandem
859 548 1010 587 patiendo
1036 550 1170 580 mortem

590 593 679 626 Vivit
707 595 740 627 in
766 603 889 627 aevum.

483 655 515 684 4.
543 651 636 683 Nunc
659 652 693 684 in
718 655 882 684 aeternum
906 653 1029 684 meritis
1056 655 1202 685 coruscat

548 698 661 731 Clarus
686 702 719 731 et
741 700 859 731 mundo
885 699 1072 732 manifestus
1098 700 1193 740 omni,

544 746 605 786 Qui
629 747 698 780 Deo
724 747 785 779 soli
809 748 932 779 studuit
956 748 1085 788 placere

591 792 733 835 Corpore
758 794 879 828 vivens.

485 852 516 884 5.
542 851 657 884 Pastor
682 854 811 883 aeterno
837 852 967 885 radians
989 852 1161 895 triumpho,

542 898 692 931 Servulos
716 899 793 932 audi
813 899 875 931 tibi
898 900 1127 941 supplicantes,

544 945 728 979 Praemium
750 947 857 988 justis,
887 949 1011 980 veniam
1040 949 1177 989 deposce

596 994 735 1027 Crimine
759 995 870 1034 lapsis,

486 1053 517 1084 6.
544 1051 611 1090 Quo
636 1051 698 1084 Dei
722 1060 838 1091 magna
861 1051 1066 1085 miseratione

547 1099 699 1132 Ordinem
725 1099 804 1131 coeli
830 1099 986 1131 decimum
1011 1100 1172 1140 replentes

546 1147 652 1186 Ipsius
678 1148 799 1179 vultum
825 1147 989 1179 videamus
1015 1146 1099 1180 omni

592 1194 752 1235 Tempore
774 1195 882 1227 saecli.

297 1260 390 1288 Psalt.
419 1268 471 1287 ms.
497 1260 528 1288 S.
558 1260 685 1288 Zenonis
713 1259 836 1295 Major-is
864 1268 939 1288 saec.
968 1259 1012 1289 15.
1054 1260 1123 1289 Cori.
1144 1260 1174 1288 S.
1195 1261 1321 1289 Zenonis
1348 1271 1370 1290 s.
1391 1271 1420 1289 n.
1441 1261 1475 1288 A.
1497 1277 1534 1282 —

218 1299 311 1326 Psalt.
333 1308 385 1326 ms.
407 1297 437 1326 S.
458 1298 585 1326 Zenonis
605 1299 727 1334 Majoris
747 1307 823 1326 saec.
847 1297 889 1326 15.
925 1299 995 1326 Cocl.
1015 1299 1159 1327 Veronen.
1180 1297 1353 1334 (Commun.)
1371 1298 1428 1328 800
1447 1297 1533 1334 (745).

218 1337 251 1364 Β.
273 1352 312 1356 -
339 1338 423 1365 Brev.
454 1345 507 1364 ms.
535 1336 564 1364 S.
585 1337 711 1365 Zenonis
739 1345 815 1365 saec.
845 1335 888 1364 15.
932 1337 1002 1364 Cod.
1021 1338 1174 1365 Monacen.
1200 1335 1303 1365 23143.
1326 1338 1356 1366 C.
1379 1354 1418 1358 —
1438 1338 1462 1364 C
1481 1337 1535 1365 hat

218 1384 275 1403 nur
297 1375 344 1403 die
366 1375 429 1403 drei
450 1377 548 1402 ersten
567 1375 714 1411 Strophen
734 1375 794 1403 und
813 1375 861 1403 die
880 1375 968 1403 halbe
987 1377 1090 1403 viel-te·
1115 1390 1150 1394 —
1171 1373 1198 1409 2,
1222 1374 1235 1403 1
1257 1378 1358 1413 Agnus
1379 1376 1416 1410 C,
1439 1376 1533 1403 excel-

220 1422 269 1441 sus
293 1415 327 1441 A.
357 1429 395 1433 —
421 1411 452 1448 2,
480 1411 498 1440 2
525 1416 683 1449 penetrans
711 1415 839 1441 marinas
861 1414 895 1441 A.
915 1428 952 1432 —
973 1412 1005 1447 2,
1027 1412 1045 1442 3
1065 1414 1143 1441 hunc
1162 1413 1200 1441 ad
1219 1414 1321 1442 urbem
1341 1415 1422 1442 Deus
1444 1414 1474 1442 Ο.
1497 1429 1532 1433 -

218 1451 252 1485 4,
276 1450 290 1479 1
318 1452 445 1480 aeternis
472 1451 504 1479 C.
531 1467 569 1471 —
593 1450 629 1485 4,
651 1450 668 1478 2
692 1451 799 1480 mundo
829 1451 952 1480 mirifica
977 1452 1149 1480 manifestus
1176 1452 1208 1479 C.
1235 1468 1271 1472 —
1294 1451 1328 1487 4,
1350 1450 1369 1481 3
1389 1454 1534 1488 Omnique

221 1490 285 1518 Deo
308 1490 341 1518 C.
361 1504 400 1509 —-
418 1489 505 1517 Met:
527 1490 588 1518 Iste
608 1490 766 1518 confessor.

659 1564 728 1595 500.
761 1563 805 1594 De
826 1564 933 1595 sancto
955 1564 1085 1595 Zenone.

419 1613 449 1648 1.
477 1611 625 1648 Audiant
649 1615 822 1655 principes,
849 1616 980 1647 audiant
1005 1615 1125 1656 populi,

473 1664 598 1703 Quanta
622 1667 755 1703 peracta
779 1667 851 1695 sunt
879 1663 919 1695 de
943 1668 1053 1696 sancto
1080 1663 1215 1698 homine.

415 1721 447 1754 2.
474 1717 637 1760 Benignus
662 1730 701 1753 ae
725 1720 809 1753 mitis
834 1721 919 1752 Zeno
946 1722 1113 1762 episcopus

474 1766 647 1801 Confessor
672 1768 800 1801 Domini
826 1772 858 1800 et
882 1771 994 1808 pastor
1018 1769 1139 1810 populi.

418 1826 449 1858 3.
478 1822 589 1858 Castus
614 1829 835 1865 permanserat
859 1826 943 1858 Zeno
970 1827 1150 1868 episcopus,

476 1873 598 1906 Sedens
623 1874 657 1904 in
682 1873 834 1914 lapidem,
860 1874 988 1913 piscans
1013 1874 1045 1906 in
1071 1873 1183 1906 Adise.

418 1932 451 1963 4.
475 1927 528 1964 De
552 1933 664 1962 contra
688 1930 845 1970 conspicit
868 1931 966 1963 boves
991 1940 1061 1963 cum
1083 1931 1239 1972 plaustro,

480 1977 579 2010 Simul
606 1981 638 2010 et
661 1979 820 2011 hominem
845 1982 1038 2019 mergentem
1062 1980 1095 2012 in
1118 1977 1259 2012 flumine.

418 2038 452 2069 5.
471 2032 613 2069 Elevans
638 2037 746 2068 oculos
773 2034 850 2067 fecit
874 2035 1090 2077 signaculum:

477 2084 577 2116 Retro
603 2086 645 2125 te,
673 2085 819 2126 satanam,
845 2093 885 2116 ne
909 2085 1014 2117 lucres
1040 2083 1173 2118 animas,

419 2144 450 2176 6.
478 2139 624 2175 Fortiter
648 2142 807 2174 exclamat
830 2151 923 2181 quam
949 2151 1027 2174 voce
1051 2143 1197 2179 maxima,

475 2189 575 2229 Quam
599 2199 708 2222 vocem
732 2190 901 2222 maximam
928 2190 1062 2223 daemon
1082 2191 1297 2231 praedixerat.

420 2249 450 2281 7.
479 2244 604 2288 (lyr-ans
630 2249 743 2289 gyravi
767 2256 827 2287 per
850 2248 976 2289 ignotas
1001 2248 1134 2288 patrias,

475 2296 601 2337 Proque
625 2305 677 2329 me
701 2305 764 2329 non
789 2296 865 2328 licet
889 2296 1016 2329 lucrare
1040 2295 1188 2329 animas?

418 2356 451 2389 8.
477 2351 633 2394 Hejulans
659 2357 691 2387 et
715 2355 856 2387 clamans
884 2353 924 2386 de
948 2354 1013 2386 alto
1038 2354 1136 2387 nimio

476 2402 586 2444 Usque
611 2402 652 2436 ad
679 2403 793 2436 solium
817 2402 944 2443 imperii
968 2401 1046 2437 filia.

422 2462 454 2494 9.
481 2457 519 2493 In
545 2470 638 2501 quam
663 2461 844 2502 ingreditur
868 2461 902 2494 in
928 2465 1015 2493 casto
1041 2469 1185 2501 corpore.

474 2517 1162 2541 {ffeeeeee-Z--x-K--x-x--x-eeff---k
