1651 2621
692 128 948 164 —238—

588 231 657 264 405.
687 232 730 263 De
750 230 860 262 sancta
878 228 1046 268 Reparata.

726 308 774 338 Ad
792 305 918 337 Laudes.

182 389 213 422 1.
240 389 264 421 O
290 397 366 421 vere
390 387 478 427 virgo
503 387 628 427 nobilis,

238 435 364 475 Magnis
391 434 485 474 digna
503 435 691 474 praeconiis,

240 483 338 521 Quam
364 483 443 514 dura
468 480 587 513 frustra
611 480 738 522 feriunt,

237 529 380 560 Mulcere
403 528 522 560 blanda
546 531 712 568 nequeunt.

183 601 213 618 α.
240 585 341 617 Virile
364 587 473 625 pectus
497 585 628 624 virginis

242 632 347 664 Nullis
373 631 457 663 cedit
479 632 653 670 suppliciis,

242 680 305 711 Per
329 679 442 719 ignem,
466 676 595 717 ferrum,
621 678 751 709 vulnera

245 725 331 757 Coeli
357 725 539 757 conscendit
563 725 706 757 culmina.

857 386 888 418 3.
914 384 994 416 Neci
1019 382 1097 415 felix
1118 382 1289 420 addicitur,

915 431 1046 464 Sacrum
1071 432 1166 469 caput
1189 425 1397 464 abscinditur,

915 478 977 510 Ore
1002 477 1144 509 columba
1172 475 1299 508 devolat

913 525 1085 564 Palemque
1110 523 1228 555 coelum
1254 521 1411 561 penetrat.

856 584 888 614 4.
914 582 971 620 Te,
1002 589 1093 612 sacra
1117 580 1216 620 virgo,
1243 578 1380 618 petimus

914 628 1031 660 Mentis
1055 635 1176 667 pronae
1201 623 1386 661 visceribuS,

914 676 961 708 Ut
983 684 1040 706 nos
1065 677 1196 707 venturo
1219 672 1320 712 judici

917 722 1123 754 commendes
1148 729 1244 760 prece
1268 717 1415 759 supplici.

628 782 658 814 5.
685 779 795 812 Gloria
819 781 860 812 sit
882 779 1032 819 ingenito.

255 873 362 908 Hymn.
389 881 440 901 ms.
468 873 652 900 Florentinus
678 881 752 900 saee-
779 871 823 900 13.
866 871 933 899 God.
960 872 1147 898 Laurentian.
1175 870 1268 898 Aedil.
1298 866 1360 896 131.
1385 868 1418 895 A.
1441 882 1478 886 —

183 911 267 938 Brev.
292 920 344 938 ms.
371 910 570 938 Florentinum
595 917 668 938 saec.
697 909 739 937 14.
781 910 1057 938 Ood.La1u-entian.
1096 909 1188 936 Aedil.
1217 906 1278 935 117.
1308 906 1373 933 add.
1402 913 1476 933 saec.

184 946 227 976 15.
249 949 281 975 B.
301 963 338 967 —
358 949 441 976 Brev.
462 956 513 975 ms.
534 948 809 975 Vallumbrosanum
830 955 904 975 saec.
927 945 971 974 15.
1005 947 1074 974 Cod.
1096 947 1286 974 Laurentiau.
1303 943 1392 971 Conv.
1413 951 1477 978 sup.

180 983 244 1012 457.
265 985 296 1013 C.
316 1000 352 1004 —-
372 987 455 1013 Brev.
476 994 528 1012 ms.
543 986 819 1013 Vallumbrosanum
839 992 913 1013 saec.
936 982 980 1011 15.
1015 984 1286 1012 C‹›d.Lau1-entian.
1303 981 1392 1008 ConV.
1413 989 1477 1016 sup.

182 1021 247 1050 456.
266 1024 303 1050 D.
323 1038 358 1042 —-
381 1021 408 1056 3,
431 1021 445 1049 1
466 1023 537 1050 felix
556 1023 683 1050 allicitur
702 1023 761 1056 ΑΒ,
783 1023 935 1050 adducitur
955 1022 985 1049 Ο.
1006 1036 1043 1040 -
1062 1020 1090 1055 4,
1111 1020 1130 1049 4
1150 1029 1249 1054 preces
1269 1021 1303 1047 A.

578 1160 644 1192 406.
677 1160 712 1191 111
733 1161 864 1190 sanctae
883 1158 1068 1189 Restitutae.

182 1239 212 1271 1.
241 1239 335 1270 Plebs
362 1240 476 1271 devota
499 1241 603 1269 mente
626 1242 703 1279 tota,

289 1286 405 1317 Sordes
430 1285 576 1325 absterge
601 1285 774 1326 criminum,

242 1333 288 1366 Ut
311 1333 370 1364 hac
396 1332 448 1363 die
474 1332 560 1364 dicas
585 1333 655 1371 pie:

282 1380 392 1422 Jesu,
407 1386 562 1410 corona
580 1379 796 1419 virginum.

182 1437 213 1467 2.
240 1435 400 1467 Restituta
423 1434 511 1475 virgo
536 1438 604 1466 tuta

285 1482 419 1513 Virtutis
444 1484 517 1513 tuae
540 1491 668 1513 munere

239 1528 376 1560 Mortem
401 1530 532 1569 spernit,
559 1532 656 1560 vitam
682 1530 783 1561 cernit

285 1575 511 1609 ι111111111015
529 1580 622 1608 orto
640 1576 795 1610 sidere.

182 1680 211 1711 3.
238 1678 349 1710 Mollis
375 1687 467 1710 sexus
493 1688 554 1710 11011
580 1681 628 1710 est
650 1678 749 1711 flexus

284 1726 454 1757 Tormenta
478 1735 589 1765 passus
614 1727 712 1767 varia,

240 1772 303 1804 Sed
328 1773 463 1805 invictus
487 1775 534 1804 est
558 1774 689 1805 amictus

285 1820 475 1851 Aeterna
508 1820 618 1851 coeli
643 1821 791 1860 gloria.

180 1877 212 1909 4.
236 1876 320 1907 Voce
344 1877 446 1908 virum
470 1877 569 1908 vincit
595 1877 696 1909 dirum

285 1924 397 1956 Puella
422 1923 506 1954 dulci
531 1923 665 1957 famine:

237 1970 307 2002 Hoc
332 1974 380 2002 est
404 1979 521 2009 carum,
548 1972 621 2011 quia
645 1982 750 2004 rarum

285 2019 315 2049 A
340 2019 449 2050 solis
473 2021 590 2050 ortus
610 2020 796 2054 cardine.

859 1239 889 1271 5.
915 1238 986 1270 Non
1013 1241 1157 1270 movetur
1181 1247 1241 1269 nec
1264 1239 1404 1270 terretur

963 1285 1106 1325 Tyranni
1131 1286 1199 1317 visa
1224 1284 1317 1317 furia.

915 1333 977 1364 Pro
1002 1333 1137 1363 terrenis
1163 1333 1280 1372 spretis
1305 1331 1415 1372 poenis

961 1379 1092 1410 Beata
1113 1379 1236 1411 nobis
1261 1388 1339 1419 gau
1352 1378 1430 1412 dia.

857 1437 887 1468 6.
912 1435 1008 1475 Ignis,
1036 1436 1130 1478 unda,
1159 1444 1228 1467 cum
1253 1437 1295 1467 sit
1320 1435 1439 1467 munda

960 1482 1089 1515 Peccati
1113 1483 1217 1515 labem
1242 1483 1398 1523 nesciens,

916 1530 1040 1563 Cedunt
1064 1530 1136 1571 rite,
1162 1531 1266 1571 parcit
1290 1530 1376 1563 vitae

947 1577 974 1608 V
986 1577 1056 1608 erb
1068 1587 1129 1609 um
1144 1587 1216 1618 sup
1228 1586 1369 1610 ernum
1382 1586 1402 1616 p
1414 1586 1478 1609 ro-

1253 1626 1272 1657 d
1282 1626 1291 1656 i
1304 1633 1320 1656 e
1328 1634 1350 1656 n
1359 1633 1385 1658 5.

857 1681 886 1713 7.
914 1681 938 1713 O
965 1689 1015 1712 res
1040 1682 1129 1721 mira,
1153 1682 1284 1722 languet
1307 1681 1366 1721 ira,

962 1728 1041 1767 Ejus
1067 1729 1205 1760 ministri
1229 1732 1374 1771 pereunt,

918 1774 1035 1807 Sancta
1061 1776 1169 1814 claret,
1195 1785 1260 1808 nox
1287 1776 1438 1816 disparet,

960 1823 1119 1855 Vexilla
1143 1824 1248 1864 regis
1273 1824 1479 1864 prodeunt.

859 1880 889 1912 8.
917 1879 978 1910 Tot
1001 1880 1081 1911 haec
1105 1881 1203 1921 signis
1229 1884 1278 1913 est
1300 1881 1434 1922 insignis

963 1927 1007 1958 Et
1031 1928 1197 1968 stupendis
1223 1928 1382 1969 operibus,

916 1973 1002 2015 Ergo
1029 1978 1135 2007 coetus
1159 1977 1279 2016 psallat
1302 1978 1417 2017 laetus,

963 2022 1172 2054 Exsultet
1197 2025 1362 2057 coelum
1388 2025 1482 2057 lau-

1257 2071 1391 2104 dibus.

508 2123 539 2155 9.
565 2123 653 2155 Tuae
674 2124 790 2164 laudis,
818 2126 900 2159 sicut
923 2127 1025 2167 audis,

614 2171 728 2204 Servos
755 2175 902 2205 canentes
929 2175 1069 2207 carmina

565 2218 636 2250 Duc
659 2219 701 2251 ad
728 2229 856 2253 coenam
882 2222 955 2261 agni
979 2223 1116 2265 plenam,

612 2266 636 2298 O
663 2268 863 2306 gloriosa
888 2269 1064 2304 domina.

256 2357 364 2401 Hymn.
386 2365 439 2385 ms.
459 2359 671 2394 Neapolitanus
691 2370 766 2390 saec.
789 2361 863 2392 1³l14.
897 2363 966 2391 eod.
987 2365 1164 2401 Neapolitan
1192 2368 1236 2395 VI
1257 2367 1283 2395 G
1302 2365 1347 2395 29.
1362 2382 1399 2386 —
1420 2365 1446 2403 3,
1468 2366 1486 2396 3

188 2395 218 2421 et
236 2397 367 2423 amictus.
388 2410 426 2416 ——
445 2394 472 2430 4,
493 2394 510 2424 3
531 2400 576 2425 est
594 2398 674 2426 fehlt.
696 2415 730 2419 —-
746 2399 771 2435 6,
793 2399 811 2427 2
830 2401 906 2429 labe.
