1653 2622
690 129 949 164 -185—

157 224 191 257 3.
217 222 405 256 Divinitatis
430 225 548 265 glorias

220 269 340 303 Christi
366 279 507 315 cernens,
536 281 628 313 quem
646 276 789 314 paverat,

215 317 333 351 Beatas
359 319 426 358 agit
450 320 580 361 gratias,

219 365 310 404 Quod
337 375 406 399 eam
432 367 480 398 sie
502 370 697 400 remunerat.

159 423 194 455 4.
222 422 246 456 Ο
272 423 356 455 mira
381 422 443 455 Dei
467 424 612 464 largitas,

219 470 306 509 Quae
331 471 513 510 centuplum
539 472 741 512 repraemiat‚

220 517 245 550 Ο
271 518 382 558 ingens
403 518 594 558 liberalitas,

220 565 307 604 Quae
332 566 513 597 mercedem
537 567 585 598 sie
609 567 753 605 ampliat.

850 227 881 260 5.
908 226 1034 259 Christo
1058 225 1189 258 Martha
1214 223 1398 263 obsequitur

907 275 1035 306 Intenta
1059 273 1246 311 ministerio,

909 321 973 354 Sed
998 320 1081 352 hane
1103 320 1247 352 Christus
1272 318 1477 359 prosequitur

909 368 1118 400 Aeternitatis
1142 367 1265 399 bravio.

877 452 884 459 .
910 425 965 457 Illi
989 425 1032 457 sit
1055 425 1125 457 laus
1152 427 1183 455 et
1207 424 1320 464 gloria,

908 472 967 512 Qui
993 475 1042 504 est
1065 474 1246 503 sanctorum
1271 469 1456 510 praemium,

908 519 967 559 Qui
991 519 1139 551 Marthae
1163 527 1222 558 per
1247 516 1428 557 suffragium

907 566 971 598 Det
994 567 1086 598 nobis
1112 566 1192 598 coeli
1217 566 1341 598 solium.

236 639 323 667 Brev.
353 648 407 667 ms.
441 640 629 669 Francisean.
662 643 734 669 anni
765 639 847 669 1332.
894 641 964 669 God.
997 640 1132 669 Gasinen.
1167 638 1230 668 193.
1258 641 1292 667 A.
1321 654 1360 658 —
1394 640 1478 667 Brev.

158 677 348 705 Massiliense
369 679 439 714 imp.
460 679 599 715 Lugduni
627 677 709 707 1530.
730 679 764 706 Β.
790 693 827 698 ——
854 678 883 712 1,
913 678 927 707 1
949 679 1017 707 Jam
1038 686 1109 707 suae
1128 679 1209 706 dulci
1228 678 1365 715 hospitae
1385 678 1418 704 A.
1449 691 1476 695 —

157 712 187 749 2,
207 713 225 742 2
246 716 293 743 De
311 717 344 743 te
364 718 461 752 pascit
483 717 518 744 A.
539 732 574 736 —
596 714 623 750 a,
645 718 661 745 1
681 718 780 753 gioria
799 718 831 745 B.
855 734 891 738 —-
911 716 937 751 6,
960 716 976 744 1
996 717 1043 745 ibi
1063 717 1196 745 sitlans.

611 864 673 896 314.
702 866 747 897 De
766 866 879 896 sancta
896 865 1031 897 Martha.

163 945 191 978 1.
219 944 272 977 Ad
298 945 426 977 laudem
450 944 601 977 Marthae
626 944 758 985 virginis

218 992 400 1025 psallamus
417 1001 527 1024 omnes
552 992 686 1032 pariter,

219 1040 306 1079 Quae
330 1040 504 1072 Tarascam
527 1039 665 1071 viriliter

218 1085 389 1119 Interfecit
412 1088 580 1121 veraciter.

160 1146 193 1177 2.
217 1144 387 1184 Exemplis
413 1147 445 1175 et
468 1145 640 1176 virtutibus

219 1191 351 1224 Martha
375 1190 477 1232 fulget
502 1191 675 1231 sideribus,

219 1240 270 1272 Ibi
296 1243 388 1279 rogat
413 1248 472 1279 pro
499 1240 644 1271 omnibus

219 1286 318 1319 Suum
344 1296 526 1327 supremum
552 1286 721 1326 hospitem.

850 947 882 979 3.
909 946 993 978 Puer
1023 954 1144 977 mersus
1168 944 1295 984 quidam
1322 943 1478 975 Rhodano

908 993 1100 1025 Resurrexit
1120 992 1274 1023 miraculo

909 1040 953 1071 Et
977 1039 1123 1072 reddidit
1146 1040 1257 1071 laudes
1282 1038 1360 1076 Deo,

910 1087 970 1126 Qui
995 1087 1091 1119 talem
1117 1085 1195 1118 fecit
1220 1084 1381 1118 famulam.

876 1168 882 1176 .
910 1143 982 1176 Suis
1007 1143 1164 1176 Tarraseo
1189 1143 1340 1174 laudibus

908 1191 1038 1223 Ditatur
1062 1195 1094 1223 et
1117 1190 1300 1222 muneribus

908 1239 951 1270 Et
977 1238 1094 1270 eminet
1117 1239 1151 1270 in
1175 1237 1322 1277 pluribus

910 1286 1030 1317 Felicis
1054 1286 1204 1318 Marthae
1228 1284 1387 1325 precibus

506 1346 537 1376 5.
565 1343 678 1375 Gloria
702 1342 771 1382 tibi,
798 1341 944 1374 Domine.

567 1390 626 1429 Qui
651 1390 813 1422 Martham
840 1388 920 1422 facis
943 1389 1051 1422 vivere

563 1438 730 1478 Exemplis
757 1441 788 1468 et
811 1437 983 1480 miraculiS,

562 1485 608 1517 Et,
631 1494 717 1517 nune
740 1487 854 1525 regnat,
877 1492 948 1515 eum
973 1484 1104 1525 angelis.

235 1561 323 1589 BreV.
343 1570 397 1588 ms.
417 1561 585 1588 Romanum
605 1568 681 1588 saec.
703 1558 748 1587 14.
789 1559 860 1586 Cod.
881 1559 1019 1597 Vatiearx.
1041 1558 1145 1586 Urbin.
1167 1556 1232 1586 603.
1253 1573 1289 1577 —
1312 1555 1340 1590 3,
1365 1556 1379 1585 1
1401 1557 1483 1585 Auer

157 1599 221 1634 Hs;
242 1598 355 1627 falsehe
373 1598 502 1627 Initiale.
542 1599 603 1626 Der
622 1598 696 1626 Vers
717 1598 771 1625 hat
790 1599 856 1625 eine
876 1596 960 1625 Sillae
980 1596 1170 1625 Uberschuss.

604 1745 664 1778 315.
698 1745 741 1777 De
761 1745 875 1777 saneta
893 1745 1027 1777 Martha.

725 1823 773 1853 Ad
793 1823 921 1853 Laudes.

160 1908 193 1941 1.
217 1907 361 1944 Martha,
390 1905 511 1939 Christi
534 1904 706 1944 impium,

217 1955 296 1989 Fuit
317 1955 412 1987 beata
438 1952 579 1990 conviva,

220 2005 308 2044 Quae
332 2010 423 2034 suum
448 2001 539 2041 pavit
562 1999 731 2031 Dominum

220 2052 259 2084 In
290 2051 371 2083 aede
394 2058 454 2081 sua
476 2048 620 2088 propria.

160 2111 193 2144 2.
219 2109 352 2142 Martha
383 2106 445 2139 fuit
468 2105 608 2137 sollicita

220 2157 270 2189 De
294 2154 432 2195 hospitis
458 2152 589 2189 familia,

219 2204 316 2237 Pavit
341 2212 410 2235 eam
437 2201 574 2243 egregie,

221 2253 312 2285 Sicut
337 2252 431 2283 decet
455 2248 606 2282 familiae.

852 1904 884 1936 3.
911 1901 983 1934 Tali
1007 1904 1103 1941 parat
1127 1901 1249 1933 eibaria

911 1949 956 1981 Et
982 1949 1036 1980 dat
1061 1949 1093 1980 in
1120 1949 1325 1991 abundantia,

914 1998 943 2029 A
966 2005 1027 2036 quo
1054 1997 1176 2036 recepit
1200 1996 1306 2028 omnia

912 2044 958 2076 Et
981 2047 1097 2076 cuneta
1118 2043 1203 2084 regit
1227 2044 1365 2076 saecula.

880 2129 886 2136 .
914 2102 1014 2133 Recto
1040 2101 1101 2133 ivit
1122 2101 1238 2133 itinere

914 2149 1046 2182 Martha
1072 2157 1141 2180 cum
1167 2158 1224 2181 suo
1250 2157 1374 2189 genere,

912 2196 959 2228 Et
981 2196 1055 2228 ideo
1079 2205 1149 2228 eum
1172 2194 1302 2229 flamine

912 2243 1074 2276 Gaudebit
1097 2244 1167 2276 sine
1190 2243 1264 2278 fine.

572 2308 605 2339 5.
634 2304 745 2337 Gloria
770 2302 840 2342 tibi,
866 2302 1012 2334 Domine.

239 2386 326 2413 Brev.
348 2393 402 2411 ms.
425 2384 591 2411 Romanum
612 2389 688 2409 saec.
711 2378 755 2407 14.
798 2377 867 2406 Cod.
888 2377 1023 2406 Vatican.
1044 2377 1150 2405 Urbin.
1170 2375 1234 2406 603.
1255 2392 1292 2396 —
1312 2376 1340 2412 4,
1363 2378 1382 2407 4
1402 2378 1489 2406 Fehlt

161 2426 229 2454 eine
250 2423 345 2457 Silbe3
367 2422 423 2450 lies
446 2420 670 2457 Congauclebit‘?
