1651 2621
178 229 208 260 5.

181 1079 200 1109 to

206 1103 212 1109 .
239 1076 341 1109 Nobis
369 1076 611 1109 Cataniensibus

716 132 951 168 —15-

238 229 375 270 Christe,
403 229 492 269 cujus
518 230 747 269 praedulcibus
866 231 897 264 6.
925 230 991 269 Quo
1017 230 1072 271 sic,
1100 238 1278 274 precamur,
1304 231 1452 263 sordibus

235 276 403 309 Adhaeres
429 285 513 309 nunc
538 277 748 318 amplexibus,
924 277 1113 310 Lustremur
1138 281 1170 309 et
1193 278 1373 319 virtutibus,

236 324 317 364 Ejus
339 324 408 365 jugi
434 325 619 364 precamine
924 325 996 358 Hoc
1021 328 1057 358 ut
1083 325 1232 358 defuncto
1259 334 1392 365 corpore

235 371 304 403 Tuo
329 381 387 404 nos
412 372 530 405 lustres
555 372 684 407 lumine.
925 372 1075 406 vivamus
1105 376 1171 406 toto
1197 376 1348 415 tempore.

547 430 576 462 7.
601 429 673 462 Hoc
696 429 788 461 nobis
813 432 956 470 praestet
982 430 1083 462 deitas

601 477 647 510 Et
674 476 814 510 indivisa
839 478 975 520 trinitas,

602 525 680 558 Cum
704 526 849 565 genitore
873 525 997 568 genitus

600 572 645 605 Et.
670 572 813 604 caritatis
837 572 982 613 spiritus.

254 638 340 665 Brev.
362 637 678 666 Gallicano-Siculum
699 639 767 673 imp.
788 637 922 666 Veiictiis
944 635 1027 666 1527.

556 747 600 780 14.
629 748 664 781 ln
685 748 909 781 Translatione
925 757 949 781 s.
969 748 1126 789 Agathac.

739 815 787 846 Ad
807 815 935 847 Laudes.

206 901 212 907 .
239 876 390 909 Exsultet
411 876 489 908 urbs
516 875 668 909 Cataniae
869 879 901 910 4.
927 877 1052 910 Relicta
1076 877 1138 909 tuis
1163 877 1285 909 meritis

238 924 354 956 Matris
382 925 492 957 dotata
516 932 656 965 munere,
930 925 1147 958 sacrosanctis
1172 924 1325 968 reliquiis,

237 972 337 1011 Quam
366 981 424 1004 rex
451 974 481 1004 et
505 980 640 1011 sponsus
665 972 811 1012 Agathae
928 971 1028 1005 Nobis
1055 972 1226 1004 clementer
1250 972 1386 1005 redditis

239 1019 331 1051 Ditat
360 1019 489 1051 honoris
515 1028 621 1059 onere,
928 1019 1121 1059 Mancipatis
1147 1019 1316 1060 obsequiis.

894 1101 901 1108 .
928 1076 1078 1109 Defende
1102 1079 1134 1108 tu
1162 1076 1370 1118 Trinacriam,

871 1079 889 1110 ι’(

240 1125 372 1158 Sacram
398 1133 547 1163 sponsam
573 1124 754 1164 restituens,
930 1125 954 1157 O
980 1132 1054 1156 rosa
1076 1124 1278 1165 venerabilis,

239 1171 374 1204 Decoris
401 1180 517 1204 ornans
543 1171 678 1214 facibus,
928 1172 1122 1204 Praesertim
1152 1175 1238 1204 tuam
1263 1172 1398 1212 patriam

239 1218 418 1252 Bisantium
445 1219 630 1254 destituens
929 1219 1082 1252 cataniae
1105 1222 1171 1252 tam
1195 1219 1322 1254 nobilis

241 1275 362 1309 Infelix
386 1279 431 1316 tu,
458 1276 646 1317 Bisantium‚
872 1278 903 1310 6,
929 1277 1014 1309 Laus
1039 1277 1125 1317 patri
1147 1276 1191 1308 sit
1213 1278 1364 1317 ingenito,

241 1323 437 1357 Graecorum
466 1332 567 1364 prava
591 1324 714 1366 civitas,
928 1324 1015 1356 Laus
1040 1324 1108 1365 ejus
1131 1324 1304 1366 unigenito,

238 1371 377 1404 Errores
399 1371 640 1412 malignantium
928 1373 1036 1405 Decus
1060 1372 1103 1404 sit,
1127 1375 1236 1404 sancto
1260 1371 1381 1404 flamini

240 1419 381 1460 Sequens
407 1421 533 1452 vetusta
557 1419 713 1461 pravitaS,
928 1419 1188 1459 Moestorumque
1212 1421 1378 1460 paraclito.

254 1486 340 1514 Brev.
361 1485 676 1513 Gallicano-Siculum
695 1485 765 1521 imp.
785 1484 917 1513 Venctiis
941 1483 1023 1513 1527.

630 1595 672 1629 15.
705 1596 750 1628 De
770 1597 878 1628 saneto
899 1596 1043 1637 Agnello.

422 1667 451 1701 1.
480 1667 607 1699 Summe
629 1667 726 1699 totius
749 1669 918 1707 reparator
943 1668 1039 1710 orbis,

480 1716 555 1747 Vita
580 1717 772 1755 sanctorum,
801 1715 897 1747 decus
923 1719 955 1747 et
979 1725 1105 1757 corona,

479 1763 530 1796 Da
556 1763 602 1795 tui
628 1763 729 1795 sancti
755 1761 868 1795 famuli
892 1764 1023 1804 Agnelli

526 1811 679 1844 Promere
703 1810 828 1844 laudae.

477 1868 541 1901 Hic
565 1869 731 1900 secuturus
755 1868 959 1900 miserantem
984 1878 1110 1910 agnum,

478 1916 539 1956 Qui
563 1915 654 1948 nefas
679 1915 777 1948 saecli
801 1915 923 1956 pietate
941 1916 1036 1959 tollit,

479 1963 621 1996 Coelitus
644 1964 703 1995 tali
727 1963 846 1995 meruit,
869 1964 978 1996 vocari

524 2011 661 2044 Nomine
685 2013 824 2043 sanctus.

419 2071 452 2103 3.
479 2069 623 2102 Litterae
649 2068 797 2102 dextrum
822 2067 987 2102 subeundo
1013 2079 1137 2101 ramum

476 2117 628 2151 Protinus
652 2116 763 2149 mundi
788 2115 900 2149 micuit
923 2121 957 2149 ut
983 2120 1114 2160 astrum,

475 2166 559 2199 Inde
588 2165 730 2205 suscepit
754 2164 893 2205 regimen
918 2168 1085 2206 paternum

524 2210 672 2258 [Ductus]
700 2221 818 2246 amore.

416 2274 447 2305 4.
476 2271 624 2305 Pcrditas
672 2297 976 2309 ......
1026 2273 1085 2313 'sas’

480 2319 629 2353 Perditas
658 2319 775 2359 linguis
799 2320 910 2351 solitas
931 2319 1084 2360 loquelas,

478 2367 622 2400 Artubus
652 2367 758 2399 surdis
783 2369 916 2406 reparat
939 2375 1072 2399 sonoros

524 2415 680 2456 Clangere
704 2414 848 2448 bombos,

417 1871 450 1902 εἶθ
