1651 2621
748 158 1003 194 -106-4-

304 258 388 285 BreV.
408 267 461 285 ms.
482 257 696 285 Salernitanum
717 262 791 281 saec.
816 251 859 280 15.
894 253 963 282 Cod.
980 252 1073 288 Capit.
1090 251 1201 280 Salern.
1221 260 1244 279 s.
1265 258 1294 277 n.
1313 251 1349 278 A.
1369 264 1407 269 —
1426 247 1529 284 Propr.

227 297 443 325 Salernitanum
466 297 535 330 imp.
560 292 684 328 Neapoli
714 289 793 319 1594.
820 291 853 319 B.
879 305 915 310 —
942 289 972 324 1,
1003 289 1017 317 1
1039 290 1198 318 Nocturnis
1223 291 1256 316 in
1276 289 1308 315 B.
1328 303 1366 308 —
1387 285 1419 322 3,
1453 285 1467 314 1
1487 286 1530 313 Et

226 334 336 362 Anthes
357 334 408 369 qui
427 333 488 361 illis
508 333 540 360 B.

423 424 481 455 172.
510 423 546 454 In
566 420 784 454 Translatione
806 428 845 451 ss.
866 419 1040 457 Fortunati,
1063 418 1131 459 Gaji
1152 420 1183 450 et
1201 418 1329 450 Anthes.

777 496 825 526 Ad
843 496 970 526 Laudes.

229 572 260 604 1.
286 569 358 602 Jam
382 572 468 602 ortus
495 569 562 600 dies
587 568 697 600 rutilat

285 617 336 650 Ex
359 616 528 649 Fortunati
551 615 661 654 radiis,

287 664 345 697 Cui
370 664 483 696 chorus
507 663 635 695 laudum
656 661 773 701 jubilat

285 711 508 750 Multiplicatis
533 710 665 750 gaudiis.

228 771 259 801 2.
287 767 377 807 Graj0,
402 768 525 800 Anthes
552 765 716 798 comitibus

287 815 408 848 Psallat
434 814 535 846 tidelis
561 813 679 854 concio,

286 863 333 896 Ut
356 862 405 893 his
430 862 531 893 tribus
556 860 710 892 militibus

285 909 360 941 Fiat
382 909 416 941 in
441 908 536 941 coelis
560 908 676 947 portio.

904 567 935 599 3.
961 566 1025 597 Vos
1050 564 1227 604 impetretis
1250 563 1358 604 igitur,

963 613 987 645 O
1012 615 1168 651 martyres
1194 610 1321 651 egregii,

962 659 1080 699 Quibus
1104 667 1193 690 mens
1217 661 1327 690 nostra
1350 656 1468 698 figitur,

962 707 1080 747 Pignus
1105 706 1236 746 superni
1260 706 1378 745 gaudii.

903 766 936 796 4.
964 763 1165 802 Quaesumus,
1193 764 1304 793 auctor
1329 762 1477 803 omnium,

960 811 999 842 In
1024 811 1084 842 hoc
1108 809 1254 851 paschali
1278 810 1394 849 gaudio

962 858 1013 891 Ab
1037 858 1120 889 omni
1144 857 1255 889 mortis
1279 856 1402 897 impetu

964 905 1066 937 Tuum
1093 903 1229 937 defende
1253 905 1416 944 populum.

624 964 655 996 5.
683 962 793 995 Gloria
816 962 885 1002 tibi,
910 962 1055 994 Domine.

302 1031 387 1057 Brev.
406 1038 459 1056 ms.
480 1029 695 1057 Salernitanum
717 1035 791 1054 saec.
812 1025 855 1054 15.
893 1027 964 1054 Cod.
986 1026 1078 1062 Capit.
1100 1025 1212 1053 Salem.
1233 1034 1256 1053 s.
1273 1034 1302 1052 n.
1318 1027 1352 1053 A.
1372 1041 1411 1046 —
1429 1025 1531 1061 Propr.

231 1068 447 1096 Salernitanum
466 1068 535 1102 imp.
556 1066 681 1101 Neapoli
702 1063 784 1092 1594.
804 1065 838 1092 B.
858 1081 895 1085 —
914 1063 940 1098 2,
965 1063 979 1091 1
1001 1064 1073 1099 Gajo
1094 1066 1124 1091 et
1142 1063 1239 1091 Anthe
1258 1063 1292 1090 B.

592 1157 651 1189 173.
680 1156 715 1188 In
735 1156 916 1187 sanctorum
934 1156 991 1187 XII
1010 1156 1165 1187 Fratrum.

723 1232 771 1262 Ad
792 1232 881 1271 Vesp.
903 1236 932 1262 et
950 1232 1036 1262 Noct.

231 1306 262 1339 1.
290 1304 408 1337 Christi
432 1306 559 1335 caterva
581 1302 726 1344 pervigil,

290 1351 385 1383 Suavi
408 1350 620 1383 modulamine

288 1398 448 1437 Hymnum
474 1406 620 1429 canamus
644 1395 790 1437 Domino,

291 1446 349 1485 Qui
374 1449 422 1477 est
446 1454 561 1477 corona
584 1446 768 1483 martyrum.

233 1504 264 1535 2.
290 1502 386 1541 Deus,
413 1503 523 1541 virtus,
553 1500 696 1541 potentia

290 1549 335 1581 Et
357 1549 567 1588 triumphator
591 1548 738 1587 optimus,

293 1596 458 1629 Coelorum
482 1604 579 1635 regna
603 1594 746 1625 tribuens

292 1643 374 1682 Quos
397 1652 470 1675 suas
494 1642 601 1682 proles
627 1640 735 1673 efficit.

235 1702 266 1733 3.
291 1699 376 1731 Hinc
404 1699 476 1730 aula
500 1707 591 1730 sacra
615 1700 741 1729 resonet

291 1746 479 1778 Cunctorum
505 1744 639 1777 fratrum
664 1744 793 1777 vocibus

288 1792 401 1825 Mixtis
427 1793 529 1825 choris
554 1792 705 1832 angelicis

289 1839 483 1872 Perventum
507 1842 615 1872 sancto
641 1839 764 1879 spiritu.

232 1900 264 1931 4.
290 1897 341 1929 Ex
366 1905 426 1936 quo
451 1896 567 1929 fratres
593 1896 760 1928 duodecim

291 1944 365 1976 Rite
389 1944 532 1976 succensi
557 1944 687 1975 coelitus

293 1991 490 2031 spreverunt
513 1991 622 2022 mundi
648 1992 755 2030 copias

292 2039 337 2071 Et
360 2039 545 2071 daemonum
570 2038 726 2077 contagia.

237 2098 268 2129 5.
294 2095 431 2134 Quorum
457 2095 558 2127 cernit
579 2095 726 2134 insignia,

293 2143 378 2175 Dum
401 2143 537 2183 supplex
559 2146 661 2175 mater
684 2142 826 2181 postulat

293 2191 355 2223 Pro
379 2192 480 2223 salute
502 2190 571 2234 filii,

295 2237 392 2276 Quem
426 2241 518 2270 atrox
544 2238 675 2270 daemon
700 2236 856 2271 vinxerat,

238 2296 270 2328 6.
297 2295 429 2327 Orantes
455 2294 571 2327 fratres
595 2294 718 2334 pariter

296 2342 505 2383 Disrumpunt
527 2343 633 2374 vincla
659 2342 844 2374 daemonum

295 2390 340 2422 Et
363 2391 458 2422 matri
482 2390 622 2422 reddunt
645 2390 781 2429 unicum,

298 2437 383 2477 Quae
406 2438 509 2471 credit
532 2437 657 2471 Christo
682 2437 828 2471 Domino.

921 1303 952 1334 7.
978 1301 1049 1333 Hoc
1073 1301 1218 1333 videntes
1243 1301 1392 1341 sacrilegi

980 1347 1104 1380 Christo
1131 1348 1321 1387 depromunt
1343 1347 1461 1389 munia,

977 1396 1128 1428 Peruncti
1153 1404 1243 1426 sacro
1270 1395 1440 1427 chrismate

980 1442 1082 1474 Fonte
1105 1442 1238 1482 perenni
1263 1443 1406 1476 rutilant.

921 1501 951 1533 8.
979 1502 1062 1537 Quos
1086 1508 1160 1531 mox
1184 1499 1329 1531 minister
1348 1500 1536 1531 daemonum

983 1546 1110 1578 Catenis
1135 1546 1239 1578 vinxit
1262 1544 1398 1589 fortiter,

980 1593 1098 1632 Quibus
1122 1593 1155 1624 in
1180 1593 1243 1624 imo
1270 1594 1407 1625 carceris

980 1640 1052 1673 Lux
1079 1641 1186 1672 divina
1210 1640 1419 1681 resplenduit.

922 1698 952 1729 9.
978 1697 1119 1737 Angelus
1144 1699 1272 1728 sanctus
1299 1698 1428 1729 veniens

983 1744 1131 1785 Disrupit
1154 1742 1233 1775 ferri
1258 1744 1394 1785 vincula,

979 1791 1045 1831 Me,
1067 1791 1178 1835 inquit,
1204 1791 1292 1822 misit
1315 1792 1480 1831 Dominus,

981 1839 1040 1878 Qui
1064 1841 1113 1870 est
1136 1839 1321 1879 redemptor
1346 1840 1494 1872 omnium.

913 1896 965 1928 10.
982 1896 1088 1929 Judex
1112 1898 1280 1936 postquam
1303 1896 1384 1930 haec
1402 1897 1536 1935 viderat,

981 1943 1083 1975 Ferro
1108 1944 1308 1984 pestringens
1332 1945 1450 1976 iterum

981 1990 1026 2022 Et
1049 1992 1082 2022 in
1107 1991 1204 2023 maris
1229 1994 1305 2022 tunc
1329 1993 1442 2032 pelago

984 2037 1098 2078 Coepit
1122 2047 1193 2070 cum
1216 2039 1295 2078 ipsis
1320 2048 1463 2079 pergere.

914 2095 970 2128 11.
982 2094 1062 2126 Mox
1085 2097 1258 2135 tempestas
1284 2096 1437 2136 exoritur,

984 2142 1090 2175 Judex
1113 2142 1239 2182 iniquus
1264 2140 1398 2183 flagitat,

984 2190 1032 2222 Ut
1057 2189 1159 2221 sancti
1183 2189 1245 2221 Dei
1269 2194 1427 2231 martyres

988 2236 1107 2269 Christi
1133 2237 1308 2276 deposcant
1330 2247 1472 2274 munera.

917 2294 973 2328 12.
986 2294 1132 2326 Exorant
1153 2293 1270 2326 fratres
1295 2297 1468 2339 suppliceS,

987 2341 1089 2373 Facta
1112 2342 1209 2374 maris
1233 2344 1461 2384 tranquillitas,

987 2389 1086 2422 Multi
1109 2392 1186 2421 tunc
1211 2399 1250 2422 ex
1274 2392 1428 2425 militibus

992 2437 1152 2470 Christum
1178 2439 1337 2473 credendo
1362 2439 1519 2483 flagitant.
