1651 2621
694 128 954 163 —117—

633 249 696 281 192.
724 249 769 281 De
789 252 897 282 saneto
919 249 1025 282 Grato.

709 327 759 357 Ad
778 327 938 366 Vesperas.

166 392 197 425 1.
226 390 447 426 Confessorem
474 397 507 426 et
528 398 690 435 pastorem
853 398 883 430 4.
909 396 998 429 Dans
1023 399 1163 429 mortuos
1189 397 1274 429 vitae
1299 397 1387 438 duos,

274 439 408 472 Gratum
433 441 597 483 Augustae
622 444 730 476 concio
958 445 1098 484 Lepram
1123 443 1213 485 fugat
1237 447 1269 476 et
1292 445 1402 477 lumini

224 487 404 521 Veneretur
430 492 462 521 et
484 490 624 522 laetetur
911 491 1034 524 Reddit
1057 492 1161 531 orbos,
1187 493 1303 525 tollens
1326 492 1455 525 morbos

271 535 422 576 Magno
447 539 609 570 salutis
627 539 794 579 gaudio.
957 540 1039 572 Iste
1066 538 1268 572 confessor
1293 540 1462 573 Domini.

166 604 197 635 2.
225 602 358 635 Praesul
384 602 502 636 Gratus
532 606 654 637 cunctis
687 607 795 646 gratus
855 606 886 640 5.
914 605 973 644 Qui
997 605 1090 638 finita
1114 606 1219 638 earnis
1244 607 1311 639 vita

272 649 439 682 Ecclesiae
464 653 538 683 tuae
561 652 673 684 matris
963 654 1097 687 Carnem
1118 662 1239 694 ponens
1263 655 1305 686 ad
1330 653 1461 687 aethera

226 696 281 729 Sic
304 696 455 739 praefuit,
483 699 567 739 quod
591 700 715 739 placuit
916 699 1047 733 Scandit
1072 710 1180 741 purus,
1206 702 1379 741 adepturus

272 745 390 789 Tibi,
424 746 615 789 Christe,
650 748 796 787 splen·
963 749 1136 781 Aeterna
1152 749 1300 782 Christi
1314 758 1479 782 munera.

451 793 471 825 d
479 803 497 826 ⁰
506 804 523 826 r
547 804 568 834 Ρ
579 803 598 827 a
605 797 620 826 t
628 795 664 827 ri
674 803 700 827 S·
857 815 889 847 6.
916 814 1029 847 Pastor
1054 814 1147 857 bone,
1173 815 1333 848 Christum
1356 824 1459 856 mone,

167 860 198 893 3.
225 859 439 903 compatiens,
466 869 524 901 spe
549 861 685 902 patiens,
960 862 1005 895 Ut
1032 863 1086 895 det
1109 863 1211 904 nobis,
1237 864 1321 903 quod
1346 861 1454 896 floridi

275 907 417 940 Caritate
441 909 650 950 largissimus,
913 909 959 941 Te
983 918 1151 949 sequamur
1176 913 1206 942 et
1234 911 1385 942 ducamur

225 955 286 987 Vir
310 964 441 987 serenus
466 954 529 988 fuit
551 957 665 996 plenus
961 958 992 988 A
1004 958 1022 988 d
1055 965 1098 989 oo
1110 966 1224 989 enam
1257 958 1353 998 agni
1382 967 1481 998 pro-

273 1002 352 1035 Dei
370 1002 479 1046 fide,
507 1013 584 1044 qua
601 1004 794 1036 vivimus,
1285 1006 1385 1039 vidi.

515 1070 544 1103 7.
571 1071 610 1102 In
637 1071 793 1102 communi
820 1070 914 1102 detur
938 1071 993 1102 uni

616 1117 778 1158 Trinoque
802 1117 869 1149 Deo
894 1118 1007 1158 gloria,

566 1165 625 1204 Qui
649 1173 708 1205 per
733 1164 866 1197 Gratum
893 1165 946 1197 det
972 1165 1102 1197 beatum

616 1212 643 1244 B
654 1215 748 1244 eata
770 1221 819 1244 no
830 1211 893 1244 bis
918 1212 1082 1253 gaudia.

246 1296 327 1325 Offie.
352 1306 406 1324 ms.
437 1296 467 1325 S.
495 1298 579 1326 Grati
605 1305 681 1325 saee.
709 1295 754 1325 15.
795 1296 929 1325 Codicffl.
957 1297 1051 1333 Capit.
1078 1296 1221 1325 Sedunen.
1247 1295 1293 1324 72.
1321 1297 1365 1325 16.
1385 1299 1419 1326 A.
1445 1313 1483 1318 ——

165 1335 252 1363 BreV.
274 1336 461 1372 Augustense
481 1336 551 1372 imp.
575 1333 657 1363 15**.
678 1336 712 1362 B.

633 1464 694 1497 193.
725 1465 767 1497 De
788 1465 894 1497 saneto
917 1466 1020 1498 Grato.

695 1552 744 1583 Ad
763 1553 957 1584 Nocturnum.

390 1633 420 1665 1.
448 1632 575 1665 Celebri
600 1630 681 1664 festo
709 1632 801 1664 Grati
827 1630 1016 1664 confessoris

445 1680 548 1712 Cantu
571 1680 714 1720 honesto,
739 1679 888 1712 laudibus
911 1679 1039 1712 honoris

447 1727 598 1760 Sanctum
621 1727 798 1768 laudemus,
824 1727 909 1759 hunc
933 1728 1084 1767 hymnum
1110 1729 1271 1760 cantemus

494 1774 589 1808 Orbis
614 1775 647 1807 in
672 1775 748 1808 oris.

391 1843 422 1874 2.
449 1840 600 1874 Pontifex
626 1841 744 1874 Gratus
770 1842 934 1881 Augustae
959 1841 1084 1873 laudari

447 1888 524 1921 Vita
549 1888 661 1921 beatus
687 1889 786 1931 coelo,
811 1888 959 1921 venerari

452 1935 561 1968 Terris
586 1938 736 1977 meretur,
763 1936 824 1969 hoe
847 1935 929 1968 festo
956 1936 1090 1968 debetur

494 1984 571 2016 Plus
598 1983 763 2017 celebrari.

390 2053 421 2085 3.
448 2051 513 2084 Hie
537 2050 758 2084 Thebaeorum
783 2060 918 2091 corpora
942 2049 1095 2090 humavit,

445 2100 576 2132 Partem
596 2101 779 2132 sanctorum
804 2107 908 2131 secum
937 2098 1127 2139 deportavit,

445 2147 544 2180 Sacra
567 2148 602 2180 in
625 2147 706 2180 aede
726 2147 933 2188 Augustensi,
958 2146 1065 2187 erede,

495 2196 595 2228 Plura
618 2195 747 2230 locavit.

388 2265 421 2299 4,
449 2263 554 2304 Caput
577 2264 746 2303 Baptistae
772 2261 889 2294 Gratus
918 2262 1084 2302 relevavit,

446 2313 501 2346 Sic
524 2312 594 2353 tibi,
623 2311 759 2351 Christe,
784 2311 902 2351 placet,
928 2319 1020 2350 quem
1045 2310 1173 2352 amavit,

446 2360 506 2393 Cui
529 2360 673 2400 servivit,
698 2359 814 2392 meiius
838 2362 874 2390 ut
897 2359 1003 2401 seivit,

494 2407 667 2443 Confessor
690 2408 763 2440 iste.
