1651 2621
672 136 924 172 -127—

137 231 170 263 3.
197 231 296 271 Cujus
321 232 408 265 vitae
429 233 533 265 sancti
556 243 661 267 mores

196 278 309 311 Notati
335 278 458 320 fulgent
483 281 619 325 saeculo,

198 326 258 365 Qui
283 327 455 366 praecellit
477 329 619 361 seniores

196 374 376 407 Adstantes
402 375 483 407 coeli
509 377 652 418 speculo,

197 421 378 455 Laureatus
403 423 488 455 inter
512 421 608 456 flores

196 469 332 502 Fruitur
355 479 438 511 agno
462 471 586 504 sedulo.

829 234 860 267 4.
887 234 996 275 Virgo,
1022 234 1180 275 virginum
1204 242 1376 272 sacrarum,

888 280 990 314 Simul
1013 283 1198 322 angelorum
1225 281 1313 314 chori

888 328 935 361 Te
958 331 1123 374 honorant,
1148 330 1375 370 prophetarum

890 375 1157 418 Confessoresque
1183 378 1301 418 decori,

891 424 1006 457 Coetus
1032 427 1064 457 et
1087 425 1352 465 patriarcharum,

889 474 1053 513 Martyres
1079 474 1242 505 columnae
1266 473 1347 513 pori.

452 539 485 572 5.
513 539 629 571 Coram
655 538 723 571 Deo
752 541 788 570 tu
813 547 847 570 es
871 542 990 578 tantus,

512 587 696 627 Precamur,
724 587 783 618 etsi
809 595 872 619 non
899 587 987 627 digni

511 633 649 666 Nostros
676 634 822 666 exaudiri
849 637 970 676 cantus,

512 681 562 712 Ne
590 681 775 713 damnemur
801 690 896 714 saevo
919 682 995 723 igni,

513 728 577 761 Sed
604 730 657 769 qui
683 731 731 761 est
755 731 935 762 sanctorum
961 732 1098 772 sanctus,

513 776 624 817 Regno
649 785 829 809 mereamur
852 778 953 818 jungi.

216 860 302 888 Brev.
332 869 385 888 ms.
414 861 753 889 Romano-Franciscan.
773 870 841 889 saec
876 859 920 890 14.
948 864 988 889 in.
1031 861 1102 889 Cod.
1124 860 1220 897 Capit.
1238 861 1343 888 Patav.
1368 860 1393 888 B
1423 858 1460 889 56

140 898 206 926 add.
235 907 312 926 saec.
341 896 416 927 ¹⁴l15.
444 913 479 918 —
507 897 540 933 3,
568 898 588 927 4
607 899 735 927 Adstans
764 900 848 927 coeli.
871 914 908 919 —
929 898 959 935 Ξ,
986 898 1002 927 6
1022 900 1138 928 Fluitur
1158 907 1243 935 agno.
1265 913 1301 918 —-
1321 897 1352 932 4,
1376 898 1392 927 6
1412 907 1459 926 co-

141 936 263 965 lumnae
281 946 329 973 po.
349 951 388 956 —-

564 1105 620 1137 211.
649 1105 693 1136 De
716 1105 824 1136 sancto
844 1104 1040 1144 Hieronymo.

691 1191 739 1221 Ad
758 1191 916 1230 Vespcras.

143 1270 175 1304 1.
204 1270 430 1303 Collaudemus
455 1272 645 1302 venerantes

248 1318 400 1350 1nclitum
426 1318 446 1352 J
450 1326 646 1361 eronymum,

200 1365 295 1398 Diem
320 1365 438 1398 festum
463 1365 670 1406 celebrantes,

249 1413 372 1445 Summi
396 1413 481 1454 regis
505 1413 681 1446 thalamum

201 1461 238 1494 In
265 1470 327 1501 quo
352 1461 481 1493 scandit
506 1460 703 1501 degustando

248 1509 352 1541 Deum
377 1507 498 1540 fontem
524 1509 688 1548 optimum.

140 1577 173 1608 2.
200 1575 310 1609 Omnis
341 1575 409 1615 eJ'us
435 1575 522 1606 velut
546 1575 613 1607 vita

249 1624 303 1657 Sic
325 1621 465 1663 refulget
488 1623 653 1666 transitus,

202 1670 299 1711 Cujus
326 1679 400 1703 caro
426 1672 474 1702 tot
499 1670 612 1703 attrita

247 1719 356 1760 Plagis
380 1718 462 1750 hora
487 1718 591 1750 exitus

201 1766 350 1809 Flagrat,
377 1766 485 1808 micat,
511 1765 665 1806 insignita

247 1814 336 1846 Luce
360 1812 432 1846 fusa
458 1813 602 1849 coelitus,

145 1883 176 1915 3.
202 1880 314 1914 Nostri
340 1882 454 1914 dextra
479 1881 695 1921 redemptoris

250 1930 476 1963 Conscendens
502 1929 632 1970 agiliter

202 1977 328 2011 Scalam
352 1978 433 2012 lucis
459 1980 491 2009 et
515 1977 709 2021 splendoris,

251 2025 426 2059 Comitatus
449 2026 571 2066 jugiter

201 2073 399 2115 Angelorum
424 2074 509 2107 binis
537 2072 642 2106 choris

248 2123 345 2156 Visus
371 2125 421 2154 est
443 2121 614 2156 veraciter.

137 2191 172 2223 4.
197 2189 310 2223 Fratri
333 2189 397 2222 sibi
423 2188 620 2222 describenti

246 2238 297 2270 De
328 2237 537 2278 beatitudine,

198 2285 390 2326 Augustino,
419 2294 487 2318 cum
511 2284 633 2325 ingenti

246 2332 344 2365 Lucis
369 2332 572 2372 plenitudine

199 2380 372 2415 Revelavit
395 2388 439 2419 se,
466 2381 608 2420 stupenti

246 2428 336 2462 Mira
359 2427 611 2468 pulchritudine.

836 1272 866 1302 5.
893 1271 1016 1302 Aether
1040 1269 1176 1311 fulgens,
1202 1269 1372 1302 melodiam

940 1317 1075 1358 Quidam
1102 1319 1245 1357 cernunt,
1271 1317 1415 1358 audiunt,

893 1366 1023 1398 Omnem
1050 1365 1129 1397 coeli
1153 1364 1365 1397 hierarchiam

939 1412 1129 1445 Accurrisse
1152 1412 1295 1444 sentiunt

893 1460 987 1492 Almo
1013 1461 1092 1500 viro,
1120 1460 1208 1499 cujus
1233 1460 1318 1498 piam

939 1508 1079 1540 Mortem
1104 1509 1181 1539 tunc
1205 1507 1411 1547 comperiunt.

860 1603 865 1609 .
892 1575 935 1607 Se
961 1574 1104 1606 declarat
1124 1574 1209 1606 idem
1234 1574 1297 1605 iste

942 1623 1018 1656 Cum
1042 1622 1110 1661 poli
1136 1621 1259 1653 familia

893 1669 1116 1702 Praecursoris
1142 1672 1172 1701 et
1199 1669 1359 1708 baptistae

942 1717 1151 1757 Coaequalem
1172 1717 1289 1757 patria,

895 1766 991 1805 Cujus
1017 1764 1123 1797 verbis
1148 1766 1212 1804 tua,
1241 1764 1375 1807 Christe,

940 1813 1112 1845 Lustratur
1137 1812 1283 1846 ecclesia.

859 1905 865 1911 .
892 1880 1074 1913 sentiamus
1100 1879 1191 1919 hujus
1215 1887 1312 1919 prece

940 1927 1110 1959 Dominum
1134 1925 1335 1966 placabilem,

894 1976 954 2016 Qui
979 1975 1143 2008 Silvanum
1169 1974 1218 2005 bis
1246 1974 1285 2005 de
1309 1982 1388 2006 nece

940 2023 1084 2056 Salvavit
1103 2022 1271 2054 amabilem

893 2072 937 2104 Et
961 2072 1138 2103 nundatum
1163 2070 1249 2102 omni
1273 2068 1361 2102 faece

941 2119 1035 2151 Fecit
1058 2118 1291 2151 admirabilem.

862 2216 868 2222 .
895 2187 1010 2220 Omnes
1037 2186 1125 2227 cujus
1150 2188 1226 2218 ante
1250 2185 1398 2218 thronum

941 2233 1139 2266 Rcfoventur
1163 2234 1272 2266 ulcera

891 2283 936 2315 Et
958 2281 1105 2323 malignis
1131 2290 1356 2322 oppressorum

941 2330 1138 2362 Relevantur
1163 2339 1269 2370 onera,

893 2380 1011 2412 Patent
1034 2378 1118 2411 oculi
1143 2387 1319 2419 caecorum,

942 2427 1084 2467 Surgunt
1107 2429 1141 2459 et
1164 2427 1333 2459 cadavera.
