1651 2621
708 98 938 134 „92-

589 210 652 242 147.
681 210 725 242 De
745 211 851 242 sancto
871 208 1056 250 Epiphanio.

177 293 208 326 1.
234 293 349 332 Pange,
373 292 490 332 lingua,
518 290 697 323 Salaminae
854 290 885 323 3.
911 289 1127 329 Baptizandus
1154 290 1226 321 dum
1252 286 1378 319 accedit

279 339 437 370 Praesulis
461 338 675 377 praeconium,
959 337 1020 369 Pes
1042 337 1182 369 nudatur
1206 334 1360 376 protinus,

230 386 413 425 Epiphanii,
446 384 571 417 divinae
912 383 957 415 Et
980 388 1054 423 post
1077 391 1203 423 semper
1227 383 1273 413 sie
1295 378 1418 412 incedit

278 433 372 465 Vocis
400 441 458 472 per
482 432 645 463 oraculum
959 430 1118 463 Christum
1142 438 1276 468 sequens
1302 427 1442 458 cominus

233 481 361 513 Insulae
386 479 453 511 dati
480 478 637 519 Cyprinae
911 478 999 511 Pede
1022 478 1118 517 nudo,
1143 485 1235 517 quem
1259 483 1321 506 non
1343 472 1444 505 laedit

277 527 314 559 In
338 528 440 559 lucem
465 529 496 557 et
520 527 692 566 speculum.
957 525 1122 559 Jucundus
1146 523 1303 555 interitus

174 596 204 627 2.
231 593 327 626 Hunc
351 593 505 632 spinetum
533 592 705 624 Judeorum
855 592 886 624 4.
912 590 1051 630 Nicosia,
1077 589 1153 621 urbs
1178 588 1303 628 regalis,

281 641 376 672 Velut
399 648 504 672 rosam
527 640 671 681 protulit,
960 636 1063 676 Caput
1086 636 1186 668 sancti
1212 634 1365 675 possidet,

234 688 292 721 Cui
318 687 471 726 Christus,
495 695 552 717 rex
578 687 736 718 coelorum
914 685 1009 724 Cujus
1035 684 1183 723 precibus
1205 692 1225 714 a
1247 681 1339 713 malis

279 734 451 766 Dexteram
477 733 611 774 aperuit,
960 730 1108 763 Salvator
1131 739 1189 762 nos
1214 729 1330 761 liberet

232 781 316 814 Dum
341 790 361 812 a
385 784 475 812 coetu
500 778 692 818 perfidorum
912 777 958 809 Et
978 777 1093 816 J'udicii
1117 776 1221 809 finalis

281 827 459 860 Clementer
484 826 610 866 eripuit.
960 823 1021 856 Die
1045 832 1102 856 nos
1127 822 1292 863 glorificet.

572 892 603 925 5.
629 891 715 923 Deus
740 891 773 922 in
797 890 942 929 personis
968 890 1060 929 trine,

673 937 817 976 Simplex
841 937 875 968 in
901 937 1048 977 essentia,

625 984 700 1016 Tibi
725 985 767 1015 sit
789 984 858 1015 laus
884 984 954 1015 sine
977 982 1048 1026 fine,

673 1031 795 1071 Honor,
825 1031 937 1068 virtus,
964 1030 1076 1070 gloria,

624 1078 760 1110 Exsules
788 1086 845 1108 nos
869 1075 934 1108 frui
958 1076 1027 1109 sine

672 1124 719 1156 Te
741 1132 801 1164 per
827 1126 941 1156 cuncta
964 1124 1101 1155 saecula.

247 1201 333 1228 Brev.
354 1208 407 1227 ms.
429 1200 457 1228 S.
480 1198 635 1236 Sepulchri
655 1206 731 1227 saec.
752 1195 827 1225 14'15.
868 1197 938 1225 Cod.
959 1198 1084 1225 Parmen
1114 1198 1211 1225 Palat.
1236 1195 1298 1225 186.

615 1348 677 1379 148.
706 1347 749 1378 Dc
769 1347 876 1379 sancto
897 1346 1037 1378 Erasmo.

174 1428 205 1460 1.
230 1427 372 1465 Erasme,
399 1427 528 1466 praesul
551 1426 679 1466 nobilis,
854 1428 883 1459 5.
914 1425 1028 1458 Fidem
1056 1427 1161 1459 dando
1188 1426 1376 1458 catholicam

230 1473 291 1512 Qui
315 1472 418 1514 fulges
441 1474 474 1505 in
498 1474 672 1514 miraculis,
910 1473 1062 1512 Baptizas
1091 1474 1219 1505 turbam
1243 1474 1425 1513 maximam,

232 1519 366 1552 Nostrae
391 1528 502 1561 preces
529 1529 598 1552 cuni
623 1520 771 1552 laudibus
914 1519 1071 1561 infirmos,
1098 1529 1207 1553 caecos
1234 1529 1368 1560 corpore

230 1567 375 1606 Adsigna
398 1567 478 1606 Deo,
503 1575 699 1606 quaesumus
912 1566 1034 1599 Reddis
1059 1567 1154 1599 saluti
1179 1568 1343 1607 pristinae.

175 1633 207 1666 2.
232 1633 282 1664 Tu
306 1632 522 1671 praecursoris
547 1632 676 1664 Domini
856 1634 887 1665 6.
913 1633 943 1664 A
969 1635 1057 1664 veste
1081 1641 1204 1673 quoque
1229 1641 1323 1665 aerea

231 1679 324 1711 Eliae
353 1679 451 1711 vitam
474 1679 627 1719 sequeris,
914 1680 1005 1711 Ollae
1028 1689 1144 1720 magna
1165 1681 1316 1712 incendia

232 1727 264 1758 A
289 1726 393 1758 corvis
417 1735 450 1757 es
474 1726 508 1757 in
534 1734 638 1757 eremo
915 1726 964 1758 Tu
988 1727 1077 1767 signo
1104 1728 1206 1759 crucis
1232 1728 1366 1767 expellis

232 1772 361 1807 Gibatus
387 1778 418 1804 et
441 1772 480 1805 ab
507 1773 637 1813 angelis.
914 1774 997 1806 Fide
1021 1783 1151 1806 manens
1179 1775 1356 1807 incolumis.

175 1841 206 1873 3.
237 1839 327 1871 Vitae
351 1842 483 1879 propter
507 1839 694 1871 munditiam
860 1841 890 1873 7.
917 1841 966 1872 Tu
995 1839 1180 1880 confregisti
1203 1840 1321 1873 idolum

234 1887 295 1919 Per
319 1896 446 1919 manum
472 1896 506 1919 es
532 1887 707 1926 angelicam
918 1887 962 1919 Et
983 1896 1128 1927 magnum
1153 1888 1279 1927 pondus
1303 1887 1456 1931 ferreum,

235 1935 453 1966 Transdnctus
477 1934 511 1965 in
538 1934 675 1974 ltaliam,
918 1934 1027 1966 Turba
1050 1935 1109 1966 tibi
1134 1935 1278 1975 angelica

234 1980 280 2014 Ut
306 1982 396 2014 nobis
424 1982 516 2013 dares
542 1982 686 2022 gratiam.
918 1982 1039 2023 Magna
1062 1985 1204 2022 praestat
1229 1983 1393 2023 obsequia.

179 2049 210 2082 4.
238 2048 351 2080 Vicisti
374 2048 484 2080 mundi
509 2048 680 2090 principes,
863 2049 892 2080 8.
919 2048 1037 2081 Christi
1062 2051 1185 2088 martyr
1210 2050 1344 2093 egregie,

236 2095 357 2128 Multos
380 2095 490 2127 libasti
513 2098 671 2134 martyres
921 2096 986 2127 Pro
1010 2096 1106 2135 plebe
1128 2104 1242 2135 preces
1266 2098 1409 2139 porrige,

235 2143 279 2175 Et
303 2143 468 2174 Anastasii
492 2141 593 2174 filium
921 2142 997 2174 Tuis
1019 2143 1177 2182 promissa
1201 2145 1351 2185 precibus

237 2191 287 2222 Tu
311 2190 473 2222 suscitasti
496 2193 666 2223 mortuum.
923 2189 976 2221 Da
999 2190 1090 2222 nobis
1116 2194 1148 2222 te
1174 2191 1363 2226 colentibus.

580 2258 611 2289 9.
639 2257 749 2289 Gloria
772 2256 842 2296 tibi,
869 2256 1013 2290 Domine.

258 2331 340 2359 Brev.
365 2331 591 2359 Ambrosianum
615 2333 656 2359 im
679 2352 684 2359 ,
711 2331 873 2360 Mediolani
894 2328 983 2367 [1490.
1009 2345 1046 2350 —
1073 2330 1103 2366 2,
1131 2330 1149 2359 2
1175 2333 1266 2362 vitam
1294 2342 1428 2370 sequens.
1456 2350 1492 2355 —

182 2367 209 2405 3,
232 2369 247 2397 1
268 2378 321 2405 per
340 2369 524 2397 munditiam.
544 2383 582 2388 —
602 2368 628 2403 6,
688 2370 827 2405 expulsis.
