1651 2621
713 139 973 176 —123—

183 235 216 267 3.
242 234 363 267 Laetus
392 238 467 277 post
489 236 571 268 haec
594 237 628 269 in
654 246 816 270 carcerem
872 239 904 271 4.
929 238 1104 278 Antiquam
1127 235 1250 268 hostem
1274 235 1366 267 unico

239 282 369 323 Martyr
396 283 517 317 Christi
541 286 730 326 retruditur,
932 286 1062 317 Pulsum
1089 292 1219 317 cernens
1245 293 1264 315 a
1286 282 1362 322 filio,

243 331 388 363 Fulsisse
412 330 526 364 videns
551 332 711 373 tenebras,
933 332 1104 373 Gregorius
1131 341 1200 363 cum
1224 330 1367 363 omnibus

242 377 430 411 Vinctorum
457 382 562 411 custos
588 380 737 414 credidit.
934 380 1005 412 Suis
1029 381 1063 412 in
1087 380 1193 412 fronte
1217 378 1358 419 tingitur.

588 439 617 469 5.
645 437 714 470 Deo
738 437 825 478 patri
849 437 893 469 sit
916 438 1028 478 gloria.

259 520 345 547 Brev.
370 530 424 549 ms.
444 519 633 549 Tarvisinum
659 530 734 550 saec.
757 521 792 550 15
842 522 911 550 Cod.
942 521 1036 559 Capit.
1056 522 1170 550 Tarvis.
1195 522 1211 549 1
1240 518 1283 548 16.
1304 521 1338 548 A.
1360 534 1393 539 —-
1419 516 1499 547 Offic-

185 567 238 585 ms.
259 566 337 586 saec.
359 557 403 587 16.
439 559 509 587 Cod.
523 560 668 587 Marcian.
686 561 713 588 L
731 561 780 588 ΠΙ
801 558 863 588 136.
885 561 917 588 B.
937 575 974 579 —
994 559 1022 595 2,
1046 559 1061 588 1
1076 560 1215 588 Sevastus
1236 559 1270 586 B.
1288 573 1327 577 -
1347 556 1374 592 3,
1397 556 1500 585 4Vin-

185 596 319 624 culorum
340 600 439 626 custos
460 597 521 625 AB.
542 613 577 618 —
599 597 627 632 4,
648 596 666 626 3
687 598 830 635 Gregorio
851 599 884 626 B.

507 746 576 778 204.
603 746 648 778 De
669 754 710 778 ss.
732 747 928 786 Hermagora
947 748 979 778 et
997 746 1179 778 Fortunato.

747 833 797 864 Ad
817 834 944 864 Laudes.

187 913 219 945 1.
246 912 358 945 Visum
382 915 497 952 petens
522 912 622 943 oculis
878 914 909 946 3.
936 913 1033 945 {iussu
1056 916 1133 945 tunc
1156 912 1245 943 saevi
1268 911 1428 951 praesidis

246 960 321 992 Tibi
346 960 434 992 venit
457 959 667 1000 Alexandria,
934 961 1038 992 Ambo
1062 962 1251 992 truncantur
1277 959 1391 999 capite,

247 1007 361 1040 Coi-dis
386 1007 481 1039 simul
506 1009 537 1038 et
563 1008 706 1047 corporis
933 1008 1037 1040 Parvo
1063 1007 1149 1039 necis
1176 1006 1362 1038 commercio

244 1055 368 1087 Lumen
393 1053 513 1087 habere
538 1055 664 1088 meruit.
938 1055 1057 1087 Christi
1082 1057 1264 1086 mercantur
1287 1053 1473 1093 praemium.

188 1114 219 1144 2.
247 1111 395 1144 Glorioso
421 1111 496 1144 huic
519 1112 656 1152 martyri
875 1113 908 1147 4.
936 1111 1064 1144 Summe
1087 1111 1238 1145 sacerdos
1262 1110 1402 1150 Domini,

247 1159 360 1192 Socius
385 1158 448 1191 fuit
472 1159 506 1190 in
530 1159 666 1191 vinculis
935 1160 982 1191 Te
1006 1160 1168 1200 levitaque
1191 1159 1339 1199 petimus,

244 1207 429 1240 Levitarum
455 1207 656 1249 praecipuuS‚
936 1207 1003 1239 Nos
1028 1208 1061 1239 in
1086 1207 1231 1239 adversis
1256 1205 1400 1238 omnibus

244 1256 443 1288 Fortunatus
469 1255 611 1286 eximius.
935 1254 1060 1287 Vestris
1082 1255 1194 1294 juvate
1216 1253 1377 1293 precibus

592 1313 623 1345 5.
650 1311 719 1344 Deo
744 1311 830 1352 patri
856 1311 898 1343 sit
922 1312 1035 1352 gloria.

262 1398 347 1425 Brev.
375 1406 428 1424 ms.
448 1397 638 1423 Tarvisinum
663 1405 740 1424 saec.
763 1394 806 1424 15.
851 1396 921 1424 Cod.
950 1396 1044 1432 Capit.
1070 1396 1185 1424 Tarvis.
1207 1395 1222 1422 I
1244 1393 1287 1423 16.
1307 1395 1341 1422 A.
1363 1410 1400 1414 —
1421 1392 1503 1423 offic.

186 1444 239 1463 ms.
268 1444 344 1463 saec.
368 1433 412 1463 16.
454 1434 525 1461 Cod.
545 1435 687 1462 Marcian.
708 1435 734 1463 L
759 1434 806 1463 111
834 1432 897 1462 136.
917 1435 950 1462 B.
975 1450 1014 1454 —
1037 1433 1066 1469 1,
1095 1433 1109 1461 1
1131 1434 1229 1462 Jisum
1250 1434 1286 1467 Βς
1310 1435 1431 1469 pentens
1453 1441 1503 1467 op-

187 1474 257 1501 tulis
276 1473 340 1509 AB3
365 1482 395 1501 es
416 1472 491 1501 fehlt
510 1473 577 1500 eine
595 1472 678 1501 Silbe
707 1489 745 1493 -
767 1472 791 1507 1,
813 1470 831 1499 2
843 1473 920 1500 Eine
941 1472 1025 1500 Silbe
1044 1481 1082 1500 zu
1100 1471 1172 1505 vie1;
1194 1471 1250 1499 lies
1266 1471 1452 1498 Alexandra?

186 1510 212 1545 2,
234 1510 252 1538 2
277 1512 334 1539 fuit
352 1511 506 1547 einsilbig3
528 1510 598 1538 oder
616 1511 672 1539 lies
692 1511 733 1539 fit.
754 1526 791 1531 —-
811 1508 837 1544 2,
859 1508 877 1538 3
896 1511 971 1538 fehlt
982 1511 1016 1538 B.
1044 1525 1074 1529 —
1094 1508 1120 1545 3,
1141 1507 1159 1537 3
1174 1510 1243 1537 Lies
1257 1510 1327 1537 Pari
1344 1510 1446 1536 noeis?
1465 1523 1504 1529 —-

185 1548 212 1584 4,
237 1548 255 1578 3
280 1551 342 1578 Nos
367 1550 442 1578 fehlt
460 1549 498 1583 B,
527 1550 558 1576 in
585 1549 659 1577 fehlt
677 1550 737 1578 AB.
763 1564 800 1569 —-
820 1548 854 1582 4,
879 1548 899 1576 4
918 1549 980 1577 Nos
1006 1551 1112 1577 vestris
1133 1548 1166 1575 B.
1187 1562 1223 1566 —
1243 1548 1349 1575 Diem·
1366 1548 1503 1583 Hymnus

184 1588 281 1616 bildet
297 1587 507 1625 urspriinglich
527 1589 581 1614 mit
599 1587 657 1615 den
675 1588 783 1616 beiden
801 1587 1063 1624 vorhergehenden
1080 1595 1136 1615 nur
1157 1587 1252 1613 cinon.

606 1728 675 1760 205.
704 1729 748 1760 De
769 1729 874 1760 saneto
895 1729 1091 1768 Hieronymo.

733 1816 782 1845 Ad
801 1815 959 1852 Vesperas.

193 1893 223 1925 1.
249 1892 411 1932 Hymnum
436 1901 553 1924 novum
579 1893 782 1926 decantemus
876 1896 907 1927 3.
934 1894 1053 1926 Verum
1076 1895 1183 1926 lumen
1206 1896 1335 1925 nostrae
1362 1894 1445 1925 vitae

297 1939 475 1972 Modulatis
499 1940 641 1979 vocibus,
982 1940 1150 1973 Petentern
1173 1940 1379 1981 Hebraicam,

250 1988 458 2029 Jeronymum
483 1987 688 2027 imploremus
937 1988 1037 2020 Simul
1064 1988 1221 2021 Graecam
1247 1991 1279 2019 et
1302 1988 1451 2020 Latinam

298 2037 390 2068 Pium
416 2037 550 2077 patrem,
580 2035 724 2067 omnibus
983 2036 1140 2076 Linguam
1166 2038 1198 2067 et
1222 2036 1462 2076 grammaticam

247 2084 294 2117 Ut
318 2085 464 2123 adsistat,
491 2092 693 2115 occurramus
937 2084 1137 2116 Victorinum
1164 2086 1333 2124 oratorem,

297 2133 437 2166 Sinceris
463 2130 639 2165 affectibus.
984 2132 1015 2163 A
1039 2141 1100 2171 quo
1127 2133 1159 2162 et
1182 2132 1385 2166 rhetoricam.

188 2192 219 2223 2.
246 2191 405 2225 Mundum
430 2199 547 2225 vanum
566 2192 820 2221 contemnentem
878 2189 909 2222 4.
935 2188 1178 2221 Sacrosanctum
1203 2189 1435 2231 scripturarum

293 2239 346 2272 Ex
369 2238 530 2271 Stridonis
556 2237 677 2278 oppido
984 2236 1144 2277 Abyssale
1167 2235 1298 2269 fiuvium

246 2288 463 2327 Eremumque
488 2286 648 2318 sitientem
936 2285 1116 2317 intuentem
1142 2294 1235 2325 quam
1260 2285 1427 2327 praeclare

294 2336 346 2369 Ex
370 2338 464 2376 patre
487 2334 628 2367 Eusebio
985 2334 1086 2364 Auxit
1111 2336 1143 2365 et
1166 2333 1371 2373 praeconium

246 2384 356 2418 Nobili
383 2393 422 2416 ex
447 2383 550 2423 stirpe
573 2385 682 2415 natum
936 2380 1138 2414 Effundendo
1163 2381 1254 2414 nobis
1279 2382 1420 2423 planum,

294 2431 420 2467 Confini
445 2431 619 2464 Pannonio.
982 2430 1073 2470 Quod
1098 2432 1167 2463 erat
1190 2432 1255 2462 tam
1281 2440 1440 2473 asperum.
