1651 2621
701 108 934 143 -82-

377 202 409 236 4.
436 202 525 234 Tunc
550 203 663 243 clerus,
690 202 798 244 abbas,
825 205 957 237 antistes
983 206 1090 239 divine

432 249 552 281 Territi
576 248 691 282 fodunt
711 251 778 290 jam
804 253 889 284 caeci
913 253 1026 293 relatu,

433 296 491 329 Pie
515 296 670 329 mirantur
694 300 783 330 tanto
809 300 950 332 cruciatu

480 344 612 383 Templo
637 343 792 379 Justinae.

379 401 408 433 5.
436 401 517 434 Inde
540 399 734 434 transfertur
758 404 924 436 Patavium
948 406 1071 445 martyr

433 448 582 481 Aetheris
607 449 705 489 signis
732 452 764 481 et
787 451 839 483 hic
864 453 1046 491 collocatur,

431 495 477 528 Et
499 495 584 528 salus
609 499 721 536 patens
749 499 890 538 undique
913 502 1046 540 paratur

481 543 655 583 Languidis
681 544 768 579 viris.

378 601 411 633 6.
439 599 548 632 Caecis
574 603 606 631 et
627 601 742 639 surdis,
771 602 934 642 egentibus
960 611 1029 642 ope,

437 647 576 688 ClaudiS,
601 649 730 680 tentatis
756 648 871 689 spiritu
895 649 1032 690 maligno

434 694 588 727 Traditur
612 695 697 727 salus
724 704 857 736 corpore
879 697 1015 738 benigno

480 742 648 774 Tumulum
671 752 782 783 prope.

379 799 409 831 7.
434 797 502 830 Fac
526 800 649 831 coetum
672 800 785 839 nostri,
810 800 863 839 qui
889 800 1029 832 canimus
1054 800 1205 840 hymnum

433 845 581 887 Martyri,
610 845 743 884 Christe,
771 847 889 885 templo
912 848 1066 879 tumulato

432 891 504 924 Hoc
527 895 601 923 tuae
624 893 735 925 matris
759 894 886 925 nomine
911 893 1026 931 dicato,

484 938 595 971 Gloria
620 939 758 980 dignum.

233 1005 336 1039 Propr.
359 1013 412 1031 ms.
432 1004 609 1032 Patavium
628 1012 703 1033 saec.
726 1003 770 1033 16.
810 1005 881 1033 Cod.
902 1005 997 1041 Capit.
1017 1005 1157 1033 Patavini
1175 1006 1200 1033 B
1221 1003 1269 1033 57.

600 1114 662 1146 132.
692 1115 736 1146 De
756 1114 864 1146 sancto
885 1113 1025 1146 Daniele.

716 1191 766 1221 Ad
783 1191 911 1222 Laudes.

167 1261 197 1293 1.
222 1260 403 1292 Laudemus
429 1260 550 1294 Christi
574 1261 719 1302 gratiam,
846 1263 878 1294 3.
907 1261 1002 1300 CuJus
1026 1260 1114 1293 Deus
1141 1260 1299 1301 suffragiis

218 1308 363 1340 Danielis
390 1309 608 1348 constantiam,
905 1308 1048 1342 Absolve
1072 1318 1129 1341 nos
1154 1318 1174 1340 a
1198 1308 1334 1340 vinculis

222 1355 316 1393 Cujus
343 1354 488 1387 doctrina
511 1354 635 1395 fulgida
904 1356 1190 1395 Peccaminumque
1212 1355 1355 1396 maculis,

224 1402 379 1442 Splendet
403 1404 506 1435 mater
531 1403 674 1436 ecclesia.
905 1403 1023 1443 Quibus
1047 1412 1216 1443 gravamur
1239 1404 1381 1437 nimium.

168 1460 199 1492 2.
227 1459 285 1498 Qui
312 1459 415 1491 carnis
442 1459 665 1491 continentiam
846 1461 877 1493 4.
904 1460 950 1493 Ut
974 1460 1138 1492 beatorum
1163 1460 1288 1500 gaudiis

225 1507 421 1539 Conservans
446 1509 579 1546 propter
603 1506 771 1539 Dominum
904 1509 949 1540 Et
973 1508 1105 1539 suismet
1129 1507 1287 1547 suffragiis

222 1553 446 1593 Fragransque
470 1553 557 1584 velut
581 1553 683 1584 lilium
905 1554 1074 1595 Contingat
1095 1564 1160 1586 una
1186 1555 1298 1595 deitas,

224 1600 346 1633 Reddit
374 1600 503 1632 odorem
528 1600 691 1640 optimum.
906 1602 992 1641 Quae
1018 1602 1102 1641 regit
1124 1605 1237 1634 cuncta
1260 1602 1398 1636 saecula.

529 1658 560 1690 5.
585 1657 654 1689 Deo
676 1657 764 1696 patri
787 1658 830 1689 sit
853 1658 955 1697 gloria

580 1704 724 1744 Ejusque
747 1705 808 1737 soli
831 1703 897 1737 filio

584 1751 661 1784 Cum
685 1752 800 1792 spiritu
823 1751 980 1792 paraclito

581 1799 627 1831 Et
649 1808 734 1832 nunc
759 1802 791 1830 et
813 1800 846 1831 in
869 1802 1068 1840 perpetuum.

238 1865 341 1901 Propr.
362 1873 416 1892 ms.
438 1865 615 1892 Patavinum
634 1872 710 1892 saec.
734 1863 778 1892 16.
821 1864 890 1892 Cod.
912 1865 1008 1901 Capit.
1031 1865 1172 1893 Patavini
1191 1867 1216 1894 B
1236 1864 1282 1893 57.

613 1966 674 1998 133.
703 1966 738 1997 In
759 1966 860 1998 saneti
878 1967 1030 2006 Dionysii.

165 2036 196 2070 1.
221 2035 302 2076 Regi
329 2036 474 2076 polorum
500 2036 625 2068 debitas
846 2038 878 2071 3.
905 2036 992 2069 Grex
1016 2037 1072 2069 isse
1096 2040 1246 2077 acceptus
1270 2038 1350 2079 Deo,

225 2083 337 2116 Cuncti
363 2092 509 2115 canamus
534 2084 662 2124 gratias,
904 2084 1052 2117 Nutritus
1076 2094 1096 2116 a
1119 2085 1313 2127 pastoribus,

223 2132 322 2171 Opem
346 2131 438 2163 aulae
462 2131 516 2170 qui
542 2132 674 2163 contulit
902 2133 997 2164 Vitae
1020 2132 1168 2172 perennis
1191 2141 1310 2173 pascua

222 2178 400 2211 Mediolani
422 2178 577 2211 conditae.
904 2179 989 2211 Ditis
1014 2179 1166 2212 sumendo
1191 2184 1366 2220 permanet.

164 2240 195 2270 2.
225 2236 311 2275 Quae
334 2236 463 2276 pietatis
487 2244 617 2268 munere
846 2237 878 2269 4.
903 2237 1021 2276 Magno
1048 2245 1140 2275 quem
1165 2239 1254 2269 auxit
1278 2239 1425 2281 dogmate

222 2284 328 2316 Bonos
352 2283 466 2315 alendo
490 2283 602 2327 reficit,
909 2282 1081 2317 Confessor
1104 2283 1288 2329 Dionysius,

223 2331 339 2366 Sancto
362 2331 483 2363 munita
502 2331 618 2371 spiritu
903 2330 1019 2364 Fidem
1053 2333 1163 2364 tenens
1189 2333 1378 2367 catholicam

226 2378 309 2413 Fide
334 2387 501 2411 coruscans
526 2378 659 2419 fulgida.
906 2378 1048 2411 Turbam
1071 2379 1163 2419 pavit
1187 2381 1393 2418 credentium.
