1651 2621
673 114 932 149 —129—

564 207 625 239 214.
655 208 699 240 De
720 208 826 239 sancto
851 206 1044 246 Hieronymo.

141 273 173 307 1.
199 274 291 306 Haec
315 276 385 307 dies
410 286 503 309 sacra
526 277 603 309 fidei

201 321 321 361 Optata
345 324 433 362 parit
457 325 583 366 gaudia,

199 368 284 400 Dum
308 370 380 402 luce
404 371 487 403 tanti
510 371 592 404 radii

201 415 359 450 Errorum
385 420 513 449 cessant
541 419 643 451 devia.

141 474 173 506 2.
201 473 363 505 Summum
387 474 484 513 jubar
510 475 702 518 docentium,

202 520 307 561 Salve,
337 522 433 554 decus
461 523 493 553 et
518 523 630 564 gloria,

201 569 241 601 In
268 568 396 600 Christo
420 569 477 601 lux
504 570 711 611 credentium,

198 615 366 648 Falsitatis
391 616 537 651 victoria.

141 674 172 707 3.
199 673 444 705 Haereticorum
470 673 614 715 malleus,

200 721 356 753 Errorum
379 719 501 761 frangis
527 719 634 762 fortia,

201 768 298 800 Cibus
324 768 490 800 doctrinae
515 767 657 809 melleus,

200 816 295 849 Vitae
320 825 439 856 parans
466 814 620 849 convivia.

143 874 174 907 4.
204 871 389 906 Officiorum
414 872 497 904 serie

201 920 295 952 Ditas
318 921 397 953 cleri
423 920 591 959 consortia,

201 968 295 1001 Omni
319 977 444 1000 morum
469 967 611 999 manem'e

199 1016 264 1048 Per
288 1019 320 1047 te
345 1015 446 1056 fulget
471 1015 615 1047 ecclesia.

834 281 865 313 5.
889 278 962 310 Lux
985 277 1071 309 vitae
1095 275 1271 307 eremicolis

893 325 1052 364 Exempla
1078 323 1134 355 das
1160 323 1294 363 egregia,

891 373 918 404 T
920 372 1080 404 rans-lator
1105 369 1170 402 fers
1196 369 1386 401 christicolis

893 420 996 452 Vei-ae
1018 418 1196 457 scripturae
1221 421 1333 449 omnia.

857 504 865 511 .
891 475 1056 516 Baptistae
1081 477 1113 506 te
1139 475 1216 506 dant
1240 474 1372 506 similem

892 524 986 556 Vitae
1011 524 1140 555 sanctae
1163 521 1320 563 sublimia,

891 570 1105 602 Transcendis
1130 577 1212 609 pene
1236 569 1394 601 hominem

893 618 940 650 Ob
967 618 1140 658 gratiarum
1164 616 1289 657 gaudia.

857 702 863 708 .
891 674 1072 715 Jeronyme‚
1099 673 1282 705 muneribus

890 722 926 753 In
953 722 1032 753 coeli
1057 730 1188 761 magnus
1213 721 1310 760 curia,

891 768 988 809 sequi
1012 771 1044 800 te
1069 769 1110 801 da
1133 768 1293 808 fidelibus,

891 816 949 855 Qui
974 818 1030 848 tua
1052 818 1166 856 petunt
1190 817 1306 849 munia.

831 875 863 907 8.
889 873 926 904 In
951 876 1133 905 sanctorum
1158 873 1381 914 splendoribus

892 921 957 954 Uni
981 920 1050 952 Deo
1076 920 1118 952 sit
1142 921 1254 962 gloria,

892 968 951 1006 Qui
976 968 1141 1008 Jeronymi
1165 968 1314 1008 precibus

890 1015 956 1048 Det
980 1015 1072 1046 nobis
1099 1016 1178 1047 coeli
1203 1015 1330 1055 gaudia.

215 1082 302 1110 Brev.
329 1089 383 1109 ms.
405 1080 434 1109 S.
457 1081 614 1109 Trinitatis
639 1082 672 1108 in
691 1080 816 1116 Alpibus
845 1082 915 1108 anni
942 1078 1022 1108 1455.
1065 1081 1134 1108 Cod.
1155 1081 1344 1109 Laurentian.
1366 1081 1455 1110 Conv.

140 1128 204 1155 sup.
226 1117 291 1147 512.
312 1135 351 1140 -—
371 1118 398 1153 7,
419 1118 439 1147 4
458 1119 561 1156 migris
581 1120 671 1147 curia.

508 1248 569 1281 215.
599 1249 641 1281 De
660 1256 700 1281 ss.
720 1248 843 1281 Hilario
865 1249 896 1281 ot
916 1249 1093 1281 Valentino.

685 1327 734 1357 Ad
752 1327 910 1365 Vesperas.

140 1409 175 1442 1.
200 1406 333 1439 Inclitas
360 1405 480 1438 Christi
503 1408 680 1446 martyrum

201 1454 404 1487 Celebremus
429 1454 591 1493 victorias,

198 1502 298 1534 Novis
320 1510 495 1542 pangamus
522 1501 653 1533 canticis

197 1550 419 1589 Coelestiaque
442 1549 595 1589 praemia.

141 1610 172 1641 2.
199 1608 263 1639 Vos
290 1606 394 1639 carnis
420 1614 510 1638 acres
535 1606 672 1645 impetus

197 1654 483 1694 Blandimentaque
507 1653 611 1693 noxia,

198 1701 313 1733 Mundi
339 1700 472 1733 fallaces
498 1701 614 1741 glorias

203 1748 446 1788 Contempsistis
471 1748 631 1782 alacriter.

145 1807 177 1838 3.
202 1803 349 1835 Flamine
373 1807 481 1836 sancto
507 1805 664 1846 zabulum,

205 1851 336 1883 Hostem
362 1851 520 1882 crudelem
545 1852 717 1892 hominum,

207 1898 278 1930 Suis
306 1906 373 1929 cum
401 1897 592 1929 satellitibus

203 1945 314 1985 Longe
339 1944 473 1985 fugastis
498 1944 652 1978 omnibus,

828 1408 859 1439 4.
886 1405 982 1437 Jussa
1009 1407 1196 1444 spernentes
1220 1405 1310 1445 impii

887 1453 1091 1485 Proconsulis
1115 1452 1270 1484 Demetrii

886 1499 1069 1539 Graviaque
1093 1499 1251 1539 supplicia

886 1548 994 1579 Morte
1017 1547 1138 1579 vicistis
1163 1556 1286 1586 aspera.

851 1633 858 1640 ,
884 1605 963 1636 Alta
989 1604 1146 1636 coelorum
1172 1604 1284 1637 limina

886 1652 1120 1685 scandentibus
1146 1652 1259 1692 aligeri

886 1700 985 1732 Vobis
1012 1708 1145 1732 coronas
1172 1698 1322 1733 deferunt

888 1748 1010 1789 Dignas
1034 1757 1104 1780 cum
1129 1748 1246 1789 palmis
1271 1748 1385 1790 angeli.

852 1831 858 1838 .
886 1805 1035 1838 Sacratus
1061 1807 1168 1838 coetus
1194 1806 1333 1838 omnium

888 1852 987 1885 Simul
1014 1861 1082 1884 cum
1110 1852 1237 1885 Christo
1261 1856 1437 1894 martyrum

888 1900 987 1931 Vobis
1012 1900 1161 1939 procedit
1184 1900 1311 1932 obviam

890 1946 1046 1979 {iucundis
1073 1947 1152 1978 coeli
1175 1947 1365 1989 hospitibus.

492 2001 522 2034 7.
549 2002 691 2033 Aeterno
716 2002 801 2041 patri
825 2002 926 2042 gloria

545 2048 649 2080 Detur
671 2049 774 2080 honor
798 2052 829 2080 et
852 2048 929 2089 filio,

547 2095 681 2136 Spiritui
705 2096 871 2138 paraclito,

547 2144 626 2177 Cum
651 2152 713 2183 quo
738 2144 851 2176 vivunt
872 2144 907 2175 in
931 2144 1069 2179 saecula.

222 2211 291 2241 Cod.
325 2211 513 2239 Vallicellan.
549 2210 584 2239 G,
618 2208 663 2236 77.
696 2217 772 2236 saec.
801 2206 844 2235 17.
876 2210 930 2236 mit
960 2209 1010 2237 der
1042 2210 1240 2248 Bemerkung:
1284 2214 1343 2241 Die
1376 2217 1463 2243 tertia

144 2251 299 2282 Februarii
318 2249 429 2278 ibidem
448 2247 488 2284 (d.
508 2248 538 2276 h.
558 2250 592 2276 in
611 2248 662 2275 dei·
683 2246 1014 2283 Riten-Oongregation)
1034 2249 1206 2278 exhibitum.
1238 2251 1297 2279 Die
1316 2249 1343 2279 2.
1361 2254 1464 2281 Martii

144 2290 254 2320 ibidem
282 2288 476 2324 Congregatio
503 2295 542 2314 ss.
568 2286 690 2315 Rituum
718 2286 755 2313 ad
780 2285 953 2313 relationem
971 2286 1060 2314 111mi.
1087 2289 1122 2315 et.
1148 2288 1223 2316 Rmi.
1247 2289 1331 2318 Gal-(1,
1353 2292 1463 2319 Bellar-

143 2329 218 2358 mini
238 2326 406 2362 respondit,
429 2333 489 2353 non
509 2334 573 2353 esse
594 2324 809 2354 concedendum
829 2323 968 2359 (n'amlich
988 2324 1037 2352 der
1057 2325 1212 2355 Gebrauch
1232 2327 1282 2356 des
1305 2329 1463 2364 Oifieiums,

146 2376 205 2395 von
226 2366 290 2394 clem
321 2364 400 2392 disse
422 2364 560 2399 Hymnen
581 2364 629 2390 ein
648 2362 732 2398 Teil).
770 2363 877 2391 Dieser
896 2361 1033 2398 Hymnus
1054 2365 1094 2391 ist
1114 2366 1370 2401 augenscheinlieh
1383 2368 1466 2405 jung,

144 2402 416 2439 beziehungsweise
437 2401 520 2429 stark
539 2403 746 2430 fiberarbeitet.

202 2457 223 2480 D
231 2461 332 2481 xeves,
352 2452 443 2482 Hymni
454 2452 553 2475 inediti.

1276 2451 1293 2480 9
