1651 2621
731 134 991 169 —121-

619 254 678 286 199.
709 254 752 286 De
772 263 795 286 s.
818 254 954 287 Gnidone
973 255 1119 296 Aquensi.

766 341 815 370 Ad
834 342 963 372 Laudes.

228 442 236 450 .
264 417 353 450 Coeli
379 418 464 450 cives
490 419 619 451 assidue
892 422 924 453 4.
951 421 1114 461 Angelicis
1139 418 1317 460 agminibus

264 465 386 497 Choros
413 466 533 498 ducunt
556 467 708 509 laetitiae,
950 468 989 500 In
1018 467 1208 501 hierarchiis
1233 466 1358 506 superis

263 511 327 544 Sed
353 513 415 545 hac
438 514 490 546 die
509 515 680 554 jucundius
951 514 1046 547 Nunc
1071 515 1256 554 conjunctus
1283 513 1456 546 dulcisonis

264 561 388 592 Vacant
413 560 570 593 Gnidonis
594 561 753 594 laudibus.
951 561 1132 595 Perfruitur
1156 561 1313 595 melodiis,

228 671 235 677 .
261 646 300 678 In
328 646 457 678 coelesti
483 647 605 678 rosario
894 649 924 680 5.
951 648 1089 681 Plaudat
1110 647 1194 688 polis
1219 647 1416 687 Aquensium

259 693 339 725 Flos
364 694 463 726 odore
487 693 621 726 mirifico
951 695 1102 728 Laudans
1127 696 1252 734 patrem
1277 694 1464 736 piissimum,

262 741 345 781 Regi
372 740 503 773 offertur
529 742 641 773 inclito
953 742 1013 781 Qui
1038 743 1123 774 cives
1148 742 1266 774 sanctis
1291 742 1441 782 precibus

264 789 409 821 Vernans
436 789 576 821 candore
600 789 703 822 niveo.
952 790 1074 822 Tuetur
1098 790 1130 821 in
1159 789 1324 830 angustiis.

230 903 236 909 ,
261 874 378 906 Pastor
402 875 507 915 gregis
535 875 689 915 egregius,
896 877 927 909 6.
954 876 1059 914 Pater,
1085 875 1203 917 proles,
1230 875 1416 918 paraclitus,

260 921 357 961 Legis
382 925 506 954 amator
534 921 685 965 fervidus,
955 922 1110 955 Guidonis
1134 931 1193 961 per
1218 922 1368 963 suffragia

260 969 386 1001 Exutus
411 970 495 1002 mole
522 971 663 1010 corporis
948 969 1134 1002 Defendant
1157 978 1214 1001 nos
1240 970 1280 1001 ab
1305 970 1450 1002 hostibus

264 1017 356 1048 Vitae
384 1018 525 1049 nutritur
549 1018 686 1057 pascuis.
948 1017 992 1049 Et
1019 1018 1137 1049 ducant
1159 1017 1200 1048 ad
1228 1017 1386 1049 coelestia.

278 1101 408 1138 Legend.
431 1111 484 1129 ms.
506 1102 536 1130 S.
556 1099 672 1130 Mariae
688 1101 801 1137 Aquen.
824 1110 899 1129 saec.
923 1099 967 1129 14.
1000 1100 1201 1137 (Monumenta
1213 1102 1364 1138 Aquensia
1382 1102 1421 1135 ΙΙ,
1445 1100 1519 1137 107.)

622 1251 692 1283 200.
721 1251 766 1281 De
785 1251 892 1282 sancto
913 1250 1099 1282 Herculano.

706 1337 754 1367 Ad
777 1337 865 1375 Vesp.
887 1340 917 1367 et
935 1337 1021 1368 Noct.

226 1445 233 1452 .
258 1419 398 1451 Primo
428 1419 593 1451 dierum
619 1418 796 1450 omnium
888 1419 920 1451 4.
946 1418 1031 1449 Vox
1053 1418 1192 1457 clara,
1211 1425 1327 1456 ecce,
1346 1417 1519 1449 intonat

259 1466 484 1498 Praesciveras
509 1469 544 1497 tu
568 1466 697 1498 inclitus
948 1465 1175 1497 Perusinorum
1199 1465 1367 1504 praesulis,

259 1514 487 1546 Perusinarum
512 1514 617 1546 ovium
947 1512 1066 1551 Quibus
1092 1522 1127 1545 os
1152 1521 1242 1543 suum
1267 1515 1396 1544 resonat

259 1562 424 1594 Pastorem
449 1562 534 1593 hunc
558 1561 743 1601 paraclitus,
948 1560 1035 1592 Coeli
1058 1560 1220 1601 pascendo
1248 1560 1360 1599 epulis,

227 1675 234 1679 .
261 1648 472 1680 Conditor
497 1647 828 1688 almesiderum,
890 1648 920 1680 5.
946 1646 1084 1679 Enixa
1110 1647 1175 1677 est
1198 1654 1416 1687 puerpera

260 1695 487 1736 Hereulanum‚
513 1696 680 1727 humilium
946 1695 994 1726 Te
1020 1697 1128 1726 natum
1153 1693 1358 1733 unigenitum,

261 1742 467 1783 Participem‚
493 1752 557 1775 non
581 1744 747 1782 scelerum,
947 1742 1006 1782 Qui
1031 1742 1116 1774 eruis
1142 1750 1162 1772 a
1185 1741 1297 1781 vipera

262 1790 359 1821 Vehis
384 1791 477 1822 thoro
503 1791 693 1823 sublimium.
946 1789 992 1822 Et
1016 1790 1112 1822 vincli
1137 1789 1223 1820 tollis
1249 1789 1410 1829 gemitum.

227 1900 235 1907 .
262 1874 442 1907 Verbum
475 1884 703 1915 supernum
732 1884 832 1914 pro-
891 1877 921 1908 6.
947 1874 1101 1906 Hostis
1127 1873 1323 1905 Herodes
1349 1874 1514 1918 Totila,

603 1923 723 1955 diens
947 1923 1046 1962 Quem
1070 1921 1179 1953 intulit
1202 1929 1260 1953 rex
1284 1922 1451 1963 pessimus,

260 1971 291 2002 A
316 1973 410 2010 patre
432 1970 528 2001 istum
554 1970 670 2010 radiat,
948 1969 1070 2001 Lictori
1097 1969 1223 2001 dicens:
1249 1969 1362 2001 mutila

259 2018 310 2050 De
335 2018 430 2058 Syria
454 2020 490 2049 ut
516 2018 624 2049 exiens
949 2017 1053 2057 Hunc,
1081 2019 1151 2049 erat
1175 2017 1228 2057 qui
1253 2017 1481 2053 sanctissimus.

259 2066 417 2099 Mandata
439 2066 502 2099 Dei
531 2064 638 2099 faciat.

466 2154 496 2187 7.
524 2153 719 2193 Christe,
746 2153 995 2193 redemptor
1020 2153 1216 2192 omnium,

522 2202 553 2233 A
579 2202 656 2233 solis
682 2202 770 2233 ortus
796 2201 928 2233 cardine

525 2249 625 2282 Nobis
654 2250 694 2282 da
719 2249 804 2281 vitae
828 2250 1005 2290 praemium

522 2297 633 2330 Soluto
658 2297 764 2330 carnis
790 2298 914 2330 ordine.

272 2392 394 2429 Antiph.
420 2400 474 2420 ms.
505 2392 534 2420 S.
563 2393 721 2421 Laurentii
743 2393 882 2420 Perusini
909 2400 985 2419 saec.
1008 2389 1052 2419 13.
1094 2390 1163 2419 Cod.
1188 2390 1282 2427 Capit.
1307 2392 1447 2420 Perusini
1471 2390 1517 2421 30.

195 2432 262 2462 add.
285 2440 362 2460 saec.
383 2428 459 2460 14l15.
