1651 2621
727 122 961 158 —57„-

484 220 516 253 2.
541 219 592 252 En
619 220 712 252 adest
737 220 804 252 dies
829 220 978 252 solemnis
1005 220 1038 252 in
1064 219 1152 262 orbe,

545 267 613 306 Quo
638 270 761 308 martyr
784 270 912 300 sanctus
937 268 1064 300 nomine
1088 267 1247 309 Benignus

546 314 656 347 Coelos
682 315 827 347 ascendit
848 316 962 348 lancea
985 319 1170 355 peremptus

591 362 711 395 Amore
737 363 867 396 Christi.

486 429 518 460 3.
543 428 638 460 Nune
662 431 776 469 potens
801 432 923 468 martyr
945 429 1131 469 meritisque
1155 429 1248 469 celse,

545 477 649 508 Aures
676 477 718 509 ad
743 479 881 518 nostras,
906 478 1011 517 pietas
1035 477 1200 516 immensa,

549 524 666 557 Preces
692 524 823 566 inclina,
849 524 982 557 subleva
1003 525 1158 564 jacentes,

601 572 748 612 Benigne
771 576 874 613 pater.

490 639 522 670 4.
548 637 611 669 ine
635 646 804 679 supernus,
832 638 920 677 eujus
943 646 1003 676 pro
1029 645 1146 679 amore,

546 684 681 717 Genitor
707 687 797 726 Jesu,
822 686 1007 726 sanguinem
1032 683 1156 724 fudisti,

543 732 672 764 Meritis
696 733 761 764 tuis
786 733 903 774 gaudia
928 733 1088 764 coelorum

593 779 701 813 Donet
723 789 763 813 ex
789 780 865 813 alto.

488 847 519 880 5.
548 845 661 879 Gratia
686 846 806 880 Christi
830 846 936 879 tribue
959 846 1105 886 salutem,

546 892 650 927 Aufer
676 896 708 926 et
730 893 869 933 morbos,
895 894 1018 934 pariter
1042 893 1178 926 retunde

544 941 658 974 Partes
683 942 846 982 adversas,
873 941 1017 973 inimicos
1042 943 1138 981 atque

595 990 713 1022 Pacem
738 989 915 1022 turbantes».

490 1057 522 1088 6.
550 1054 652 1095 Nunc,
680 1057 799 1095 sancte,
824 1054 916 1086 nobis
938 1054 1098 1096 precum,
1126 1054 1260 1094 benigne

551 1102 702 1144 Spiritus,
729 1102 812 1135 sacri
838 1102 989 1141 martyris
1015 1101 1147 1142 Benigni

550 1149 667 1182 Procul
693 1149 828 1182 absistat
852 1148 995 1190 perfidus
1020 1149 1176 1189 malignus

598 1196 671 1229 Suis
698 1205 767 1229 cum
795 1197 886 1231 doliS.

492 1265 524 1297 7.
551 1264 598 1296 Ut
622 1266 740 1303 queant
764 1264 811 1295 tui
837 1262 948 1295 famuli
972 1262 1107 1302 Benigni

550 1311 716 1351 Martyris,
744 1310 880 1350 Christe,
905 1309 1016 1342 laudes
1041 1318 1225 1352 personare,

550 1358 666 1391 Procul
692 1361 801 1391 averte
827 1358 928 1389 crucis
952 1357 1097 1389 inimicos

599 1406 734 1439 Finibus
759 1406 887 1438 nostris.

491 1475 522 1506 8.
549 1472 691 1512 Sumpsit
715 1471 876 1512 Benignus
899 1471 1015 1511 gaudia
1041 1472 1209 1516 coelorum,

547 1520 654 1554 Hodie
677 1520 782 1552 laetus
807 1520 923 1560 gaudet
948 1519 1131 1559 angelorum

548 1567 593 1600 Et
616 1567 841 1600 monachorum
868 1567 972 1599 choris
995 1567 1152 1599 interesse

598 1615 675 1649 Cum
702 1615 829 1649 Christo
854 1623 1001 1655 regnans,

490 1685 521 1717 9.
549 1683 599 1716 Sit
622 1683 761 1715 trinitati
784 1682 854 1714 laus
882 1684 914 1713 et
937 1681 1120 1723 imperium,

549 1731 636 1771 Quae
660 1739 744 1771 pane
764 1729 855 1771 pavit
880 1729 1012 1762 coelitus
1037 1729 1225 1772 Benignum‚

546 1778 627 1818 Ejus
651 1781 786 1819 precatu
811 1775 957 1810 conferat
980 1780 1013 1809 et
1036 1776 1129 1809 nobis

598 1826 739 1859 Coelitus
763 1834 889 1866 panem.

268 1903 349 1932 offic.
375 1912 428 1931 ms.
449 1902 479 1931 Si
500 1902 626 1937 Benigni
654 1909 730 1930 saec.
758 1899 801 1929 16.
843 1900 912 1928 cod.
935 1901 1021 1929 Univ.
1042 1900 1167 1928 Januen
1188 1900 1222 1928 A.
1243 1900 1288 1928 IV
1311 1898 1357 1929 32.
1383 1916 1418 1921 -—
1447 1902 1507 1930 Ab·

191 1941 296 1970 sehrift
314 1950 367 1969 aus
389 1939 502 1969 'ailteren
516 1940 639 1973 Quenen
651 1941 705 1967 mit
719 1939 771 1967 der
784 1938 963 1966 Aufschrift:
986 1938 1141 1975 „Officium
1155 1940 1393 1975 antiquissimum
1411 1942 1507 1969 sancti

193 1981 320 2017 Benigni
338 1976 503 2015 martyris.“

644 2101 689 2132 8¹7.
709 2101 753 2132 De
774 2102 880 2133 saneto
903 2100 1052 2141 Benigno.

753 2189 802 2219 Ad
821 2188 951 2220 Laudes.

194 2273 226 2305 1.
251 2271 388 2310 Benigni
412 2270 498 2303 sacri
521 2270 636 2303 merita
880 2272 912 2304 2.
939 2270 1017 2303 Dies
1042 2270 1193 2303 solemnis
1219 2271 1334 2314 agitur,

252 2319 431 2358 Pangamus
457 2326 564 2351 omnes
590 2318 669 2350 socii
939 2318 1006 2358 Quo
1032 2321 1161 2351 sanetus
1187 2319 1240 2351 hie
1266 2320 1306 2352 de
1332 2328 1466 2359 corpore

251 2366 297 2398 Et
320 2364 438 2397 fratres
467 2374 542 2399 voce
568 2374 684 2398 sonora
937 2367 1050 2399 Polum
1075 2368 1225 2409 migravit
1248 2367 1346 2409 igitur

253 2413 382 2447 Laudes
409 2413 579 2445 decantent
603 2415 748 2453 martyri.
938 2414 1086 2447 Lanceae
1111 2414 1215 2448 fossus
1241 2416 1382 2451 vulnere,
