1651 2621
689 142 945 178 —105—

161 235 191 268 7.
218 235 336 267 Hostes
361 235 421 268 tibi
446 237 591 270 visibiles
847 241 878 274 8.

222 282 351 315 Pellam,
376 287 409 315 et
431 284 620 327 invisibiles,

219 330 400 371 Augmenta
422 333 514 372 pacis
537 333 715 372 praebeant

220 378 430 418 Summaeque
454 380 539 412 vitae
564 381 717 420 praemia.

904 240 1031 273 Summo
1056 239 1182 280 parenti
1205 239 1306 281 gloria

905 287 1052 327 Natoque
1076 289 1119 320 sit
1143 287 1277 320 victoria

904 334 948 367 Et
972 333 1093 367 flamini
1115 335 1185 367 laus
1213 334 1320 367 debita

906 383 969 415 Pei·
989 383 1188 415 saeculorum
1210 382 1348 415 saecula.

238 442 308 470 Cod.
331 443 500 472 Oasinensis
522 442 587 472 280.
614 452 691 473 saec.
713 444 756 473 11
775 447 810 474 A
837 460 872 465 —-
898 447 985 475 Br.ev
1009 455 1062 475 ms.
1081 446 1300 475 salernitanum
1322 455 1398 474 saec
1426 444 1470 474 L5.

162 480 234 508 Cod.
264 480 357 518 Capit.
380 481 518 510 Salernit.
543 492 565 510 s.
592 492 620 511 n.
641 484 672 511 B.
695 482 786 518 —1‚
815 482 833 511 2
856 484 949 513 ditata
967 486 1000 512 A.
1021 499 1060 503 —-
1079 484 1109 520 7,
1131 483 1149 511 2
1169 493 1212 520 sq.
1234 485 1274 512 Hi
1296 485 1400 512 nunti.
1421 484 1470 511 nd—

158 519 325 585 geg-{zeugigso
335 520 455 548 Pellam:
484 523 519 549 ut
550 521 620 549 olim
648 522 790 550 barbaros
819 523 851 550 B.
876 539 914 543 ——
937 523 981 550 v„
978 523 1090 550 rfasser
1118 524 1159 550 ist
1181 523 1371 558 Alphanus
1398 531 1470 550 von

365 668 426 699 170.
455 668 490 699 In
512 669 731 702 Translatioue
753 679 793 702 ss.
814 671 988 711 Fortunati,
1011 671 1079 711 Gaji
1100 672 1132 703 et
1152 673 1278 703 Anthes.

705 747 754 778 Ad
774 749 930 787 Vesperas.

164 814 195 846 1.
221 814 370 855 Laetare,
396 814 476 848 felix
501 816 614 848 civitas
850 821 882 852 4.

222 861 425 895 Salernitana
447 864 575 903 nobilis,

223 909 326 942 Gazas
352 910 450 942 habes
476 911 633 950 repositas

221 957 259 989 In
286 960 465 990 sanctorum
493 958 655 993 cubiculis,

167 1015 197 1046 2.
224 1013 338 1046 Ditata
362 1014 458 1046 trium
484 1018 659 1055 martyrum
852 1020 883 1050 5.

224 1060 365 1093 Geminis
388 1062 639 1104 pretiosissimis,

220 1108 322 1140 Velut
346 1108 430 1140 radii
455 1110 595 1141 siderum

223 1155 390 1188 illustrata
416 1157 611 1192 clarissimis.

163 1214 193 1246 3.
220 1212 416 1245 Fortunatus
441 1216 506 1245 tam
531 1214 649 1247 arduus
851 1218 882 1249 6.

223 1260 317 1299 Pugil
341 1263 451 1292 contra
474 1261 654 1304 Leontium,

222 1307 311 1339 Coeli
335 1309 428 1340 miles
452 1311 517 1340 tam
543 1312 701 1349 strenuus,

224 1355 378 1387 Nostrum
403 1356 480 1397 legit
506 1356 707 1389 consortium.

909 819 1009 856 Graius
1037 820 1071 851 in
1095 818 1206 859 poenis
1229 819 1332 851 socius

908 867 1093 907 Anthesque
1119 875 1221 898 comes
1246 866 1386 910 inclitus,

908 913 1033 945 Salerni
1057 914 1126 946 loco
1150 914 1282 953 positus,

910 961 1037 993 Adsunt
1061 961 1198 999 praevisi
1224 961 1366 995 coelitus,

910 1017 1031 1049 Horum
1056 1018 1212 1049 translata
1237 1025 1370 1057 corpora

907 1064 1002 1098 Felix
1026 1065 1166 1105 suscepit
1187 1065 1304 1105 patria,

907 1113 993 1152 Quae
1015 1112 1082 1151 jam
1105 1120 1163 1151 per
1186 1111 1285 1144 multa
1308 1113 1452 1150 tempora

915 1159 1033 1192 Glebas
1059 1160 1141 1190 texit,
1164 1159 1294 1191 incuria.

911 1215 1116 1259 Quaesumus,
1143 1217 1254 1247 auctor
1279 1216 1425 1256 omnium,

909 1263 947 1294 In
973 1263 1033 1295 hoc
1056 1262 1200 1303 paschali
1224 1266 1367 1302 tempore

909 1309 959 1341 Ab
986 1310 1070 1342 omni
1093 1311 1206 1342 mortis
1228 1311 1348 1349 impetu

908 1357 1010 1389 Tuum
1036 1356 1173 1389 defende
1198 1358 1360 1397 populum.

567 1414 598 1446 7.
624 1413 736 1447 Gloria
759 1414 829 1453 tibi,
856 1413 1001 1448 Domine

244 1478 330 1506 Brev.
352 1487 404 1506 ms.
426 1478 644 1506 Salernitanum
666 1487 741 1506 saec.
765 1476 808 1506 15.
843 1479 912 1507 Οοᾶ.
935 1479 1028 1515 Capit.
1044 1479 1156 1507 Salem.
1177 1489 1199 1507 s.
1220 1489 1248 1507 n.
1268 1479 1303 1506 A.
1322 1480 1474 1516 —Pr.opr

165 1515 386 1543 Salernitanum
407 1516 477 1553 imp.
491 1516 616 1552 Neapoli
640 1514 722 1545 1594.
737 1518 769 1545 B.
791 1532 829 1537 —
849 1489 1363 1551 2‚4111ust1atte13.-4,31<0e0
1377 1518 1475 1552 potius

162 1554 196 1581 B.
218 1569 251 1573 —
274 1552 300 1587 5,
320 1553 340 1582 4
359 1554 462 1582 Glebis
482 1554 515 1581 B.

366 1673 421 1707 171.
451 1674 487 1707 In
507 1674 731 1707 Translatione
751 1683 792 1706 ss.
811 1674 987 1714 Fortunati,
1008 1674 1077 1715 Gaji
1099 1677 1131 1707 et
1149 1675 1277 1707 Anthes.

695 1752 743 1782 Ad
762 1752 949 1782 Matutinum.

165 1819 196 1853 1.
221 1820 261 1852 In
284 1820 448 1852 nocturnis
474 1821 591 1860 vigiliis
847 1823 880 1856 4.

220 1866 392 1900 Fortunati
417 1868 578 1900 solemniis

221 1914 339 1947 Noster
365 1915 480 1947 chorus
502 1916 658 1957 invigilet,

220 1963 315 1995 Hunc
339 1971 417 1996 voce
443 1963 548 1996 cordis
574 1963 725 2003 postulet.

161 2022 192 2054 2.
221 2019 302 2060 Gajo
328 2019 418 2052 fideli
440 2020 527 2053 socio
850 2023 882 2055 5.

220 2067 292 2101 Non
317 2068 421 2100 minus
444 2077 534 2100 mens
561 2068 730 2111 deserviat,

219 2115 266 2149 Ut
291 2124 360 2148 cum
387 2116 518 2149 laudum
543 2116 714 2156 praeconio

218 2164 390 2198 Petentum
414 2173 528 2204 preces
553 2164 675 2198 audiat.

160 2223 192 2256 3.
218 2220 264 2255 Et
286 2221 420 2261 Audies,
448 2221 562 2262 quibus
579 2221 733 2264 jungitur,
850 2222 881 2254 6.

220 2268 394 2303 Caritativo
420 2270 538 2310 spiritu

217 2317 352 2350 Liberet
375 2326 443 2358 nos,
469 2326 539 2350 cum
562 2318 692 2360 petitur,

216 2367 247 2399 A
272 2368 475 2406 peccatorum
500 2367 654 2406 pondere.

907 1822 1044 1861 Quorum
1069 1824 1195 1853 sacrata
1220 1830 1356 1860 corpora

906 1869 960 1901 Ad
986 1877 1043 1901 nos
1069 1868 1176 1901 delata
1201 1868 1331 1900 coelitus

907 1916 989 1948 Sunt
1013 1916 1128 1948 civium
1151 1925 1210 1955 per
1233 1919 1380 1956 tempora

907 1962 1109 1996 Defensionis
1134 1963 1272 1996 habitus.

908 2020 991 2053 Nam
1016 2030 1093 2060 quos
1118 2021 1153 2053 in
1178 2021 1244 2053 vita
1269 2021 1364 2060 parili

907 2067 1076 2108 Conjunxit
1100 2078 1164 2101 una
1190 2069 1316 2109 caritas,

907 2115 971 2148 Hit·¹
994 2117 1118 2149 ratione
1142 2116 1239 2149 simili

908 2163 970 2196 Est
992 2164 1106 2196 tumuli
1131 2165 1277 2197 societas.

908 2220 1112 2262 Quaesumus,
1138 2225 1249 2254 auctor
1274 2222 1422 2266 omnium,

905 2269 943 2301 In
969 2269 1029 2301 hoc
1050 2270 1195 2311 paschali
1219 2271 1333 2310 gaudio

906 2317 958 2349 Ab
985 2318 1069 2349 omni
1093 2318 1205 2350 mortis
1227 2318 1349 2358 impetu

909 2365 1010 2398 Tuum
1041 2364 1179 2399 defende
1202 2367 1366 2408 populum.

563 2425 593 2457 7.
622 2422 734 2456 Gloria
758 2422 827 2464 tibi,
853 2422 1000 2457 Domine.
