1651 2621
692 124 855 160 —203
910 145 951 149 —

414 217 446 250 5.
474 216 586 249 Sectus
611 229 673 252 non
698 220 815 261 timuit,
844 221 917 253 dum
944 231 1017 254 caro
1041 221 1184 262 finditur,

473 264 543 296 Nec
569 265 643 298 dum
668 267 769 300 scissa
794 268 874 300 cutis
899 269 1040 302 traditur
1064 269 1202 310 ignibus,

471 311 541 345 Nec
564 318 699 353 possunt
722 315 841 355 lapidis
868 318 1018 349 claudere
1041 317 1187 357 pondera

522 360 683 394 Christum
707 362 801 395 labra
826 364 982 398 vocantia.

416 436 447 469 6.
476 436 639 469 Christum
665 438 774 479 lingua
798 442 899 478 sonat,
926 448 1015 471 mens
1040 441 1121 472 bene
1147 441 1273 472 conscia

475 483 531 515 Nil
556 488 685 523 praeter
711 485 881 518 Dominum
906 487 1049 527 postulat
1073 490 1106 518 et
1128 490 1229 528 rogat,

471 530 594 563 Defixis
620 533 720 565 oculis
746 534 878 565 aethera
902 534 1043 574 respicit,

519 578 711 613 Promissam
736 581 877 621 requiem
903 581 981 613 sitit.

412 651 442 683 7.
471 651 588 684 Cervix
613 653 754 686 carnifici
779 654 882 686 lactea
907 655 1047 688 traditur

465 698 509 730 Et
534 703 678 732 sanctum
704 701 811 741 gladio
837 702 1006 742 subjicitur
1031 708 1137 743 caput,

466 746 564 778 Miles
588 746 735 787 signiferi
760 750 844 781 dona
869 750 957 790 capit
980 751 1030 782 sui

516 793 685 834 Nunquam
713 795 902 828 deficientia.

410 871 440 902 8.
469 869 564 901 Nunc
589 871 677 902 coelo
703 872 848 904 residens
871 873 912 904 ad
937 873 1110 905 Dominum
1133 882 1246 913 preces

465 916 603 949 Nostras
631 927 701 950 cum
726 919 867 951 lacrimis
892 922 1029 960 votaque
1054 920 1206 961 conferat,

470 964 517 997 Ut
542 966 710 997 commissa
735 965 820 998 Deus
847 967 982 1000 crimina
1009 968 1123 1008 deleat,

517 1011 682 1045 Concedat
706 1022 763 1045 sua
787 1014 916 1054 gaudia.

409 1089 440 1121 9.
468 1088 527 1127 Qui
552 1087 662 1120 firmas
687 1089 819 1129 animos,
843 1098 901 1121 rex
925 1090 989 1130 pie,
1016 1093 1191 1130 martyrum

466 1135 511 1167 Et,
532 1136 629 1175 ,iustis
656 1136 771 1168 tribuis
798 1138 941 1176 praemia
965 1138 1095 1178 largius,

466 1183 659 1215 Peccautum
683 1184 834 1216 lacrimas
859 1185 995 1226 respice,
1022 1186 1194 1225 poscimus,

518 1230 663 1264 Clemens
690 1234 756 1263 esto
781 1232 978 1272 rogantibus.

386 1308 441 1341 10.
466 1306 516 1338 Sit
540 1307 627 1346 patri
654 1307 791 1339 Domino
816 1308 928 1349 gloria,
956 1309 1034 1350 lam,
1058 1309 1169 1350 honor,

467 1354 600 1394 Semper
624 1355 667 1386 sit
690 1355 827 1388 Domino
853 1355 955 1397 gloria
977 1355 1055 1397 filio,

466 1401 583 1434 Sancto
608 1402 737 1442 spiritui
761 1403 862 1443 gloria
887 1404 930 1434 sit
954 1404 1048 1435 simul

515 1449 561 1482 Et
585 1451 654 1482 laus
680 1451 786 1483 saecla
810 1459 870 1489 per
896 1451 1011 1483 omnia.

227 1535 313 1562 Brev.
340 1543 395 1562 ms.
418 1533 447 1561 S.
469 1533 599 1571 Sophiae
623 1535 850 1563 Beneventanae
875 1543 950 1563 saee.
979 1533 1023 1562 ll.
1065 1535 1134 1563 Cod.
1163 1536 1350 1572 Neapolitan.
1380 1536 1423 1564 VI
1449 1535 1476 1564 Ε

149 1570 197 1601 43.
219 1572 254 1600 A.
278 1588 317 1593 —-
337 1573 422 1601 BreV.
442 1581 496 1600 ms.
518 1573 547 1601 S.
569 1573 700 1609 Sophiae
718 1574 944 1601 Beneventanae
964 1581 1040 1601 saec.
1064 1571 1108 1601 11.
1140 1574 1210 1602 (lod,
1232 1575 1367 1602 Vatican.
1391 1572 1477 1603 4928,

149 1611 184 1638 Β.
209 1626 244 1630 -
268 1609 291 1646 1,
317 1609 331 1639 1
354 1611 445 1639 dieite
465 1611 499 1639 A.
520 1627 557 1632 -—
579 1610 605 1646 5,
630 1609 645 1638 1
667 1619 734 1639 earo
756 1611 901 1639 scinditur
921 1613 953 1640 B.

598 1741 665 1774 345.
696 1742 730 1773 In
753 1743 856 1774 sancti
875 1742 1030 1775 miniatis.

154 1823 185 1856 1.
212 1822 253 1854 In
276 1821 374 1855 laude
396 1821 448 1853 sui
471 1821 584 1853 militis
846 1825 876 1858 4,
903 1822 1064 1855 (lavantur
1088 1831 1210 1862 ungues
1235 1822 1379 1862 sudibus,

211 1868 311 1901 Adsit
335 1866 452 1900 festive
477 1868 612 1900 celebris
905 1871 1024 1903 Carnes
1049 1870 1230 1908 liquescunt
1253 1870 1390 1912 ignibus,

214 1919 326 1957 Agnus
350 1916 409 1947 ille
433 1923 624 1955 purpureus,
905 1916 969 1948 Sed
995 1925 1057 1948 non
1083 1916 1181 1948 sentit
1204 1916 1354 1949 incendia

212 1964 251 1996 In
278 1973 339 2004 quo
363 1963 444 1995 vicit.
467 1962 521 1995 hie
544 1963 677 1996 mineus.
905 1964 1048 2004 Simplex
1075 1964 1144 1996 auri
1168 1965 1314 1997 materia.

152 2044 184 2076 2.
211 2042 375 2082 Praesago
399 2039 518 2080 quippe
543 2039 673 2071 nomine
848 2042 877 2072 5.
903 2039 969 2071 Hic
993 2039 1138 2079 agonista
1162 2040 1289 2082 nobilis,

212 2089 277 2122 Suo
302 2087 476 2128 tingendus
501 2088 657 2127 sanguine
903 2087 967 2119 Tot,
990 2088 1159 2119 decoratus
1183 2088 1297 2127 titulis,

211 2136 333 2170 Minias
359 2139 435 2168 ante
458 2134 618 2175 proelium
904 2135 943 2166 In
970 2143 1140 2174 congressu
1165 2136 1336 2169 novissimo

210 2185 284 2219 Hoc
308 2184 425 2219 meruit
450 2183 652 2216 vocabulum.
907 2181 1022 2214 Subdit
1048 2183 1187 2214 eervices
1212 2183 1329 2223 gladio.

150 2265 182 2299 3.
210 2262 275 2297 Sub
301 2261 465 2295 indecenti
490 2260 592 2294 Decio
848 2260 879 2293 6.
905 2258 1041 2291 Videres
1068 2259 1188 2294 Christi
1210 2269 1344 2301 puerum

212 2310 314 2343 Gravi
338 2312 443 2342 tortus
468 2308 640 2349 supplicio,
906 2306 1008 2347 Caput
1032 2308 1197 2339 tollentem
1221 2310 1387 2349 proprium

208 2358 353 2391 Unitatis
377 2357 553 2397 praeconia
903 2354 990 2386 Hinc
1013 2355 1090 2387 inde
1112 2356 1361 2395 procedentibus

210 2407 298 2439 Voce
322 2403 444 2438 fatetur
469 2404 583 2437 libera.
903 2403 1099 2443 Angelorum
1126 2412 1194 2438 cum
1221 2405 1375 2440 coetibuS.
