1651 2621
758 109 997 146 -85—

219 206 250 240 5.
279 204 426 240 Gemmas
450 211 485 240 tu
509 209 659 241 ardentes
684 209 821 250 spernis,

327 255 484 288 Coronam
509 259 541 289 et
564 266 749 301 purpuram,

277 302 347 334 Ista
371 304 497 343 quaeris
517 304 551 336 in
576 305 732 349 supernis,

326 350 373 382 Ut
395 360 459 383 non
489 361 564 394 agas
590 361 773 395 perperam,

280 398 411 430 Pal-tum
435 399 513 444 edis,
539 400 597 431 sed
621 409 686 433 non
713 401 827 440 carnis,

329 445 484 479 Goelestis
507 456 678 488 puerpera.

906 211 937 243 6.
964 209 1078 241 Petrus
1103 208 1253 249 princeps
1278 211 1310 240 te
1335 205 1485 239 tenellam

985 264 991 270 ·
1011 257 1162 297 Baptizat
1187 265 1257 288 cum
1282 255 1417 294 clericis,

967 304 1112 337 Clemens
1138 306 1222 336 velat
1247 307 1279 335 te
1302 303 1451 344 puellam,

1013 351 1152 392 Neptem
1177 352 1262 384 orbis
1287 350 1452 392 principis,

967 400 1108 439 Sponsus
1135 400 1239 432 carnis
1263 403 1297 431 te
1316 398 1473 431 novellam

1014 449 1196 488 impugnat,
1222 456 1316 488 quem
1340 445 1489 486 despicis.

659 526 688 557 7.
717 523 829 557 Gloria
853 527 885 555 et
909 524 1009 556 honor
1033 522 1112 556 Deo.

298 627 385 654 Brev.
410 635 464 654 ms.
485 625 513 653 S.
534 627 689 655 Trinitatis
717 629 749 655 in
769 627 889 663 Alpibus
924 629 993 655 anni
1018 624 1098 655 1455,
1143 625 1212 653 Ood.
1232 626 1422 653 Laurentian.
1445 625 1534 654 Oonv.

222 672 286 701 sup.
307 662 372 692 512.
395 665 428 692 Α.
449 678 488 683 -
501 665 587 693 Brev.
609 673 661 692 ms.
675 665 954 693 vallumbrosanum
975 673 1049 693 saec,
1074 662 1118 692 15.
1154 663 1224 692 Cori.
1237 664 1420 691 Laurentian
1444 663 1534 691 Conv-

221 710 286 738 sup.
305 700 372 729 457.
392 702 426 729 B.
447 717 483 721 —-
504 703 590 730 Brev.
610 711 664 730 ms.
676 703 956 731 Vallumbrosanum
975 712 1052 731 saec,
1075 701 1119 730 15.
1153 701 1224 730 Cod.
1238 702 1429 730 Laurentiau.
1444 702 1534 730 Couv.

222 748 285 776 sup.
311 737 377 767 456,
400 740 430 768 O.
457 754 494 759 —-
517 740 603 768 Brev.
630 750 682 769 ms.
708 742 874 769 Romanum
902 750 976 769 saec.
1001 739 1043 769 15.
1085 740 1154 769 Οοᾶ.
1176 741 1270 775 Capit.
1290 740 1486 768 Mediolanen.
1509 738 1534 766 7.

222 778 259 805 D.
281 793 315 797 —-
341 776 364 812 1,
389 777 403 805 1
417 779 598 815 Margaritae
613 779 644 807 C.
665 793 701 798 ——
722 778 747 811 2,
772 777 787 806 1
803 779 950 807 Balsamis
970 779 1060 807 vallis
1076 780 1107 806 C.
1128 795 1166 799 —-
1186 777 1211 811 2,
1234 776 1251 805 2
1271 778 1433 813 Margarita
1448 778 1484 806 D.
1499 792 1532 796 —

222 814 256 850 2,
284 814 304 843 4
323 815 477 844 Occidenti
497 817 556 845 AB.
579 831 614 836 -—
634 815 666 851 2,
689 815 707 844 6
726 817 824 845 Verbo
846 820 876 844 et
892 819 957 845 vita
975 818 1018 851 D;
1045 817 1212 853 splendiens
1233 815 1354 850 ABCD,
1374 816 1448 843 wirtl
1467 825 1535 843 vom

222 854 325 882 Reime
365 854 499 882 efordert.
520 869 556 874 ν-
577 852 604 889 3,
628 853 641 882 1
666 855 784 883 illustra
802 855 934 891 gloriosa
946 855 982 882 D.
1006 870 1038 874 —
1060 854 1087 890 3,
1108 852 1125 882 3
1146 856 1272 882 honorat
1290 862 1379 890 puros
1401 863 1450 881 cor
1471 863 1535 881 cum

221 892 259 921 D.
282 907 317 911 —
357 913 363 925 ‚
386 891 406 920 4
426 892 658 930 Sanctarumque
677 893 714 921 D.
737 907 772 912 —
794 890 820 926 3,
841 891 859 920 5
879 894 982 921 laudat
1001 893 1122 921 thronus
1144 892 1175 921 C.
1196 907 1231 912 -—
1251 890 1280 921 4.
1306 890 1320 920 1
1343 892 1421 920 cedri
1441 893 1477 920 D.
1499 908 1536 912 —

222 928 302 997 2:3113
315 930 476 997 &clamatis
496 931 562 964 AB,
590 931 758 959 Adamastis
781 931 812 959 C.
834 946 871 951 -—
891 929 917 962 4,
941 932 957 960 (3
978 931 1098 959 Fluctus
1125 934 1153 959 et
1172 931 1304 966 pomeria
1323 930 1360 957 D.
1382 946 1414 951 —-
1439 932 1497 958 Str.
1520 928 1537 956 6

235 978 251 996 e
283 971 298 996 t,
347 990 353 995 .

665 1117 723 1149 137.
753 1117 797 1149 De
818 1118 927 1149 sancta
948 1115 1119 1149 Domitilla.

751 1213 800 1242 Ad
818 1213 1011 1243 Nocturnum,

914 1303 944 1334 4.
974 1300 1058 1333 Urbs
1087 1301 1178 1334 beata
1204 1300 1388 1341 Terracina,

1018 1348 1103 1380 Diva
1130 1347 1245 1381 florens
1270 1348 1404 1389 virgine,

227 1302 258 1336 1.
286 1302 401 1334 Omnes
425 1301 549 1333 insulae
573 1302 740 1344 laetentur,

332 1349 433 1382 Maris
457 1348 562 1388 stagni
582 1347 721 1390 fluvium,

285 1397 440 1437 Sponsam
471 1396 589 1429 Christi
614 1399 814 1435 venerentur,

331 1444 430 1485 Regis
454 1453 564 1484 regum
590 1444 738 1484 omnium,

282 1492 440 1525 Pontiana
464 1492 620 1532 glorietur

329 1539 440 1573 Insula
466 1540 665 1573 certantium.

223 1629 254 1659 2.
280 1625 357 1667 Ubi,
382 1625 483 1666 virgo,
511 1625 655 1657 caritatis

328 1673 496 1713 Expandis
521 1673 703 1712 tentorium,

281 1721 396 1754 Portas
423 1729 548 1753 crucem
568 1721 714 1753 veritatis

331 1770 394 1802 Per
417 1769 546 1808 longum
570 1769 770 1809 martyrium,

282 1815 390 1857 Fugas
414 1815 529 1848 nubem
556 1816 719 1848 caecitatis

333 1865 397 1897 Per
421 1867 562 1895 sanctum
591 1864 757 1897 collirium.

226 1953 257 1985 3.
284 1949 493 1984 Terracinam
518 1949 703 1990 ingressura

333 1999 459 2032 Ornans
482 2000 516 2029 te
539 1996 720 2038 monilibus,

284 2045 494 2080 Holofernem
519 2044 665 2078 occisura

332 2096 449 2127 Armas
474 2095 507 2125 te
534 2093 717 2135 virtutibus,

285 2143 443 2183 Sponsum
470 2142 574 2173 carnis
600 2142 804 2181 prostratura

332 2191 379 2224 Te
402 2189 559 2223 reformas
585 2189 717 2223 viribus

970 1395 1037 1428 Ubi
1061 1396 1204 1436 miraque
1231 1396 1339 1427 divina

1019 1443 1119 1475 Fiunt
1143 1444 1210 1483 ejus
1236 1444 1363 1475 nomine

970 1490 1088 1531 Fulget
1110 1491 1196 1523 vitae
1220 1490 1377 1522 matutina

1020 1538 1122 1571 Stella
1145 1539 1230 1571 trino
1255 1538 1385 1570 lumine.

938 1652 946 1659 .
972 1623 1080 1657 Saevit
1109 1625 1192 1664 ignis
1216 1622 1344 1656 flamma
1368 1622 1447 1656 foris

1021 1671 1113 1704 Circa
1137 1675 1170 1704 te
1194 1672 1361 1712 valentius,

971 1720 1078 1752 Ardes
1102 1720 1176 1761 igne
1201 1720 1303 1752 sancti
1329 1720 1446 1751 amoris

1019 1767 1109 1800 intus
1138 1768 1193 1799 sed
1220 1768 1392 1807 potentius,

976 1815 1042 1854 Quo
1067 1824 1130 1847 non
1156 1815 1255 1847 sentis
1281 1816 1344 1847 vim
1370 1816 1496 1848 ardoris

1021 1863 1171 1895 Protecta
1198 1863 1360 1897 divinitus.

941 1975 947 1981 .
975 1947 1089 1980 Gloria
1113 1951 1146 1980 et
1169 1949 1270 1980 honor
1293 1948 1363 1980 Deo

1021 1995 1193 2035 Usquequo
1219 1996 1386 2039 altissimo,

976 2043 1047 2076 Una
1072 2044 1159 2084 patri
1181 2042 1320 2083 filioque,

1022 2091 1138 2123 Inclito
1162 2092 1329 2136 paraclito,

978 2139 1036 2172 Gui
1060 2140 1131 2171 laus
1157 2140 1200 2171 sit
1227 2142 1258 2172 et
1283 2142 1425 2180 potestas

1025 2187 1087 2220 Per
1110 2187 1264 2219 immensa
1288 2189 1424 2220 saecula.

301 2296 388 2325 Brev.
415 2305 468 2324 ms.
491 2295 520 2323 S,
540 2295 697 2323 Trinitatis
726 2294 759 2321 in
778 2293 903 2330 Alpibus
934 2292 1006 2319 anni
1029 2289 1110 2319 1455.
1155 2291 1224 2320 0011.
1244 2291 1435 2320 Laurentian.
1457 2292 1547 2321 Conv.

226 2345 290 2371 sup.
312 2333 377 2362 512.
398 2335 432 2363 Α.
455 2348 491 2353 --
512 2334 598 2362 Brev.
619 2342 671 2361 ms.
687 2332 969 2360 Vallumbrosanum
985 2338 1063 2358 saec.
1089 2329 1131 2357 15.
1168 2330 1236 2359 Ccd.
1250 2331 1443 2359 Laurentian.
1458 2330 1549 2359 Conv.

226 2383 290 2410 sup.
310 2372 377 2401 457.
398 2373 481 2401 B.—-
494 2373 580 2400 Brev.
602 2380 655 2400 ms.
675 2371 958 2399 Vanumbrosanum
979 2377 1053 2397 saec.
1075 2367 1120 2397 15.
1154 2369 1225 2397 Cod.
1244 2369 1436 2398 Laurentian.
1458 2369 1548 2398 Conv.

227 2421 291 2449 sup.
310 2410 378 2441 456.
400 2412 432 2440 G.
452 2427 489 2432 ——
509 2410 546 2439 In
565 2411 615 2439 BC
634 2412 690 2438 mit
709 2410 775 2438 clem
793 2410 919 2446 vorigen
937 2408 1073 2444 Hymnus
1093 2408 1407 2445 zusammenhangend.
