1651 2621
701 117 962 154 —167—

180 212 212 244 3.
238 209 290 246 Ab
315 211 375 244 hac
399 214 436 245 ut
459 212 555 246 tollat
576 215 725 255 spiritum
866 218 897 250 5.
923 217 1011 257 Quae
1035 217 1145 250 dicens
1167 224 1279 258 pacem
1303 214 1465 247 redditam

238 258 380 301 Sacrum,
407 259 491 293 hanc
517 262 590 294 duci
615 264 774 304 praecipit
924 265 1097 308 Ecclesiae,
1125 264 1173 296 sic
1196 265 1334 296 animam

237 306 407 348 Tyrannus
432 309 474 341 ad
500 310 721 355 prostibulum,
923 312 990 345 Dat
1012 313 1158 355 Domino,
1185 312 1347 352 mysteriis

238 355 326 394 Quae
349 365 410 388 nec
433 358 556 390 moveri
579 359 694 398 potuit.
922 361 1140 400 Praesumptis
1163 369 1183 392 a
1207 359 1417 400 presbyteris.

181 413 212 446 4.
239 413 277 445 In
302 413 408 454 ignem
433 415 531 447 missa
555 415 675 448 additis
866 418 897 451 6.
912 417 986 450 .Pro
1011 417 1102 450 nobis
1128 426 1186 449 ora
1209 416 1330 461 sedula,

239 460 369 502 Resina„
397 462 480 504 pice,
508 463 587 503 oleo,
924 464 1034 506 Lucia,
1059 474 1120 504 per
1144 473 1237 504 quam
1262 464 1399 497 Domino

239 508 360 541 Illaesa
384 513 472 542 stans
496 510 679 554 immobilis,
923 512 1029 544 Decus
1054 512 1097 543 sit
1121 514 1216 552 atque
1241 512 1351 553 gloria,

240 556 330 589 Tunc
356 557 501 590 caeditur
526 567 594 590 cum
621 559 737 600 gladio.
923 559 1007 593 Nato
1033 568 1156 600 quoque
1180 559 1346 600 paraclito.

257 621 344 649 Brev.
364 631 417 650 ms.
438 623 718 652 Vallumbrosanum
739 633 814 652 saec.
838 621 881 652 15.
923 625 994 653 Cod.
1016 626 1204 653 Laurentian.
1227 625 1318 653 Conv.
1339 633 1402 661 sup.
1424 622 1489 652 547.

180 659 215 686 A.
237 674 274 680 —
294 660 381 688 Brev.
402 670 455 689 ms.
470 660 749 690 vallumbrosanum
770 671 846 690 saec.
869 661 912 690 15.
944 663 1014 691 cod.
1028 663 1219 691 Laurentian.
1237 663 1325 691 Conv.
1347 671 1411 699 sup.
1426 660 1491 691 546.

179 697 214 724 Β,
236 713 274 718 —
296 696 319 733 1,
344 696 359 726 1
379 698 425 727 Ab
446 699 523 727 hanc
542 701 575 728 B.
597 714 635 719 —
654 699 681 735 4,
705 698 720 727 1
742 702 832 729 missa
853 701 962 729 abditis
981 701 1042 729 ΑΒ.

633 792 701 824 283.
731 791 776 825 De
797 795 910 825 sancta
928 792 1033 825 Lucia.

725 856 774 886 Ad
792 856 949 894 Vesperas.

181 912 212 946 1.
237 911 366 945 Laudes
394 913 495 946 dulcis
519 914 705 947 harmoniae
866 918 899 950 4.
924 917 987 949 Illa
1011 917 1097 948 vices
1122 925 1195 948 mox
1219 916 1369 957 rependit

286 959 402 993 Matris
428 970 491 993 vox
516 962 680 1004 ecclesiae,
974 963 1100 998 Christo
1125 967 1217 1004 grata
1238 963 1389 1004 muneris,

245 1006 332 1039 Coeli
359 1016 490 1042 concors
514 1009 726 1046 hierarchiae,
923 1011 1028 1043 Prolis
1052 1011 1123 1042 voci
1150 1011 1223 1042 dum
1248 1011 1395 1051 intendit,

289 1055 414 1096 Pangat
437 1057 507 1097 regi
529 1058 659 1100 gloriae,
973 1057 1058 1091 Nam
1080 1058 1116 1089 in
1139 1059 1252 1090 turbae
1277 1060 1428 1099 pauperis

238 1103 335 1135 Alma
358 1103 493 1145 virginis
518 1104 638 1137 Luciac
925 1105 1024 1145 Opem
1049 1114 1125 1145 opes
1152 1109 1280 1138 cunctas
1304 1107 1419 1146 pendit

285 1149 387 1183 Festa
411 1152 518 1184 colens
542 1152 649 1185 hodie.
972 1154 1059 1185 Ante
1086 1153 1168 1185 diem
1193 1152 1323 1185 funeris.

180 1208 213 1240 2.
239 1207 331 1240 Urbe
354 1211 431 1241 nata
455 1208 616 1249 Syracusa
868 1211 899 1243 5.
926 1209 1028 1243 Audit
1050 1219 1185 1249 sponsus
1212 1213 1244 1241 et
1265 1210 1425 1250 turbatur,

287 1255 469 1296 Properans
494 1255 668 1300 Cataniam,
973 1257 1141 1291 Consulem
1171 1258 1377 1290 Paschasium

241 1302 340 1343 Virgo
362 1301 488 1344 flagitat
512 1304 611 1336 effusa
922 1304 1138 1345 Interpellans
1166 1306 1359 1343 criminatur,

287 1350 484 1392 virginalem
507 1353 636 1393 sociam,
977 1353 1067 1392 Quod
1092 1353 1126 1384 in
1150 1352 1213 1384 Dei
1238 1352 1338 1384 filium

239 1397 284 1430 Ut
309 1399 412 1431 salute
438 1402 528 1432 curet
551 1398 625 1432 fusa
924 1399 1049 1439 Sponsa
1074 1400 1186 1443 credit,
1213 1403 1250 1431 ut
1272 1401 1420 1432 trahatur

288 1446 459 1479 Parentem
482 1447 648 1480 Eutitiam.
973 1447 1101 1488 Martyr
1125 1448 1167 1480 ad
1192 1447 1394 1488 supplicium.

181 1503 212 1536 3.
242 1502 346 1536 Ghoro
373 1504 530 1544 conspicit
550 1505 706 1537 .vallatam
868 1505 899 1536 6.
928 1503 1039 1536 Gloria
1069 1504 1173 1536 cordis
1200 1506 1233 1536 et
1257 1504 1321 1536 oris

287 1551 370 1583 Tum
394 1552 542 1584 coelestis
566 1552 711 1593 agminis,
974 1551 1178 1584 persolvatur
1202 1551 1334 1592 numini,

241 1598 381 1631 Geminis
406 1600 565 1639 Agathem
591 1602 746 1639 ornatam,
924 1598 1107 1631 Gratiarum
1134 1601 1166 1631 et
1189 1599 1329 1639 honoris

288 1646 356 1685 Qua
383 1647 423 1679 de
447 1645 535 1679 fluxu
559 1647 721 1688 sanguinis
975 1647 1074 1688 Patri,
1100 1646 1209 1688 verbo,
1235 1646 1364 1690 flamini,

237 1694 379 1729 Matrem
402 1695 519 1727 didicit
543 1698 689 1728 sanatam
926 1694 986 1734 Qui
1009 1703 1159 1727 coronam
1183 1695 1258 1727 huic
1283 1694 1409 1727 decoris

287 1743 343 1775 Sui
367 1741 432 1776 fide
456 1744 600 1784 virginis.
973 1743 1074 1775 Dedit
1097 1751 1234 1783 sponsae
1258 1742 1385 1783 virgini.

255 1808 360 1836 Dim-n.
381 1817 434 1836 ms.
455 1808 696 1837 Praedicatorum
716 1816 791 1836 saec.
815 1806 858 1836 15.
891 1807 961 1836 Cod.
982 1808 1124 1836 Marcian.
1144 1808 1171 1836 L
1191 1809 1207 1836 I
1227 1805 1272 1835 33.
1286 1807 1320 1834 A.
1335 1822 1372 1827 ——
1386 1808 1492 1836 Dim-n.

178 1856 232 1875 ms.
251 1846 494 1875 Praedicatorum
519 1855 595 1875 saec.
617 1846 661 1875 15.
695 1846 765 1874 Cod.
784 1847 928 1874 Marcian.
949 1846 997 1873 ΖΙ..
1025 1844 1089 1875 160.
1110 1847 1143 1874 B.
1165 1862 1202 1865 —
1222 1846 1308 1874 BreV.
1333 1855 1387 1873 ms.
1407 1847 1482 1874 Prae

178 1885 343 1913 dicatorum
367 1893 443 1913 saec.
467 1883 510 1912 15.
549 1883 617 1913 Ood.
640 1885 735 1921 Capit.
757 1885 894 1912 Patavini
915 1886 938 1911 Β
960 1883 1004 1912 60.
1027 1884 1056 1911 C.
1078 1899 1116 1902 —
1143 1882 1175 1919 2,
1196 1882 1214 1912 3
1240 1884 1333 1912 affusa
1351 1884 1437 1913 ABG.
1459 1900 1483 1904 —

178 1921 214 1958 3,
234 1921 255 1951 4
275 1924 339 1958 Quo
362 1922 400 1959 03
427 1932 465 1951 ne
484 1924 566 1951 fluxu
585 1923 670 1951 ABG.
691 1938 727 1943 -—
747 1921 781 1957 4,
801 1920 819 1951 3
840 1923 899 1951 Pro
920 1923 961 1951 sis
982 1923 1021 1956 A,
1049 1924 1146 1959 prosis
1166 1922 1224 1951 Bo.
1247 1937 1284 1942 —
1304 1921 1338 1957 4,
1360 1921 1377 1950 5
1398 1922 1496 1951 fehlen

178 1963 253 1991 zwei
272 1962 390 1998 Silben3
413 1961 505 1998 Opem
526 1962 653 1998 ergiinzt.
674 1976 712 1980 -—
732 1959 759 1996 5,
782 1960 797 1989 1
819 1961 968 1989 turbatum
988 1961 1073 1989 ABG.

642 2054 710 2085 284.
741 2052 786 2085 De
806 2054 916 2085 sancta
933 2052 1039 2085 Lucia.

710 2116 759 2147 Ad
778 2116 971 2147 Nocturnum.

179 2181 212 2214 1.
238 2180 376 2221 Magnus
401 2180 500 2220 Deus,
526 2177 705 2211 invocantis
870 2179 901 2210 2.
927 2177 981 2210 Ad
1006 2177 1147 2209 tribunal
1172 2176 1317 2210 evocavit

285 2227 368 2260 Voto
396 2227 645 2267 complacabilis,
975 2225 1081 2259 Judex
1105 2225 1194 2257 illam
1220 2224 1372 2265 concitus,

242 2275 409 2309 Gloriosus
436 2278 468 2308 et
489 2276 524 2308 in
549 2275 668 2307 sanctis
926 2273 991 2306 Sed
1015 2273 1100 2305 hunc
1124 2273 1213 2313 virgo
1238 2273 1403 2314 superavit

274 2324 347 2357 Suis
372 2323 585 2366 admirabilis,
975 2321 1101 2354 Christo
1128 2321 1222 2354 docta
1247 2321 1390 2363 coelitus,

238 2372 298 2412 Qui
323 2371 444 2404 Luciae
468 2372 567 2413 signis
591 2370 689 2403 tantis
928 2369 1006 2404 Cum
1030 2369 1181 2409 pudicam
1206 2378 1242 2401 se
1266 2370 1418 2411 probavit

285 2420 406 2453 Factus
435 2423 484 2452 est
506 2419 692 2456 laudabilis
986 2417 1155 2459 Templum
1179 2419 1283 2451 sancti
1307 2418 1449 2459 spiritus.
