1651 2621
721 131 767 136 —
816 111 885 146 273
936 128 980 134 —

538 209 570 243 5.
593 209 702 249 Ipsum
729 217 803 249 ergo
829 207 1047 249 deprecemur,

594 256 692 296 Cujus
717 254 835 287 festum
858 255 1041 297 suscepturi

595 303 719 344 Sumus,
745 306 781 336 ut
805 302 884 335 illuc
907 302 985 334 ituri

594 351 720 384 Sanctis
745 350 915 390 jungamur
941 350 1094 384 coetibus.

268 450 356 479 Brev.
376 459 430 479 ms.
450 450 599 479 Minorum
618 449 769 487 Eugubin.
791 457 867 478 saec.
889 447 934 478 15.
975 448 1046 478 eorl.
1069 450 1230 487 Angelicus
1249 450 1275 477 (Γ
1295 449 1355 478 VII
1373 447 1401 477 9.

638 602 701 634 461.
730 602 775 634 De
796 603 906 634 saneto
928 600 1056 635 Ubaldo.

722 680 758 709 In
778 680 805 710 2.
828 680 978 719 vesperis.

217 787 225 796 .
252 759 370 793 Servus
395 760 535 801 prudens
561 762 594 791 et
618 758 723 793 fidelis
878 762 911 794 4.
938 761 1005 793 Iste
1030 770 1141 793 servus
1166 759 1280 791 summi
1305 758 1389 800 regis

254 807 324 841 Sibi
349 808 472 841 credita
495 809 618 841 talenta
937 809 999 841 Est
1022 809 1170 842 Ubaldus
1200 806 1365 847 gloriosus,

251 856 439 897 Resignavit
467 857 618 897 opulenta
939 857 1069 890 Coelum
1094 859 1216 895 tenens,
1243 859 1362 887 terram
1388 862 1471 893 osus,

249 903 424 944 Duplicato
448 902 590 938 foenore.
937 904 1032 937 Felix
1056 904 1114 937 tali
1139 903 1280 936 foedere.

216 992 223 1000 .
251 971 423 1003 Dominum
446 980 538 1004 suum
559 973 747 1012 exspectans
881 973 912 1005 5.
938 972 1046 1011 Qualis
1071 973 1132 1003 iste
1157 970 1199 1003 sit
1224 974 1255 1002 et
1279 972 1426 1010 quantus,

249 1018 429 1059 Diligenter
453 1019 599 1059 vigilavit
940 1021 1038 1060 Signa
1068 1019 1155 1051 clara
1177 1020 1405 1058 protestantur,

250 1066 295 1099 Et
319 1066 463 1106 pulsanti
486 1068 643 1099 reseravit
939 1068 992 1099 Ad
1017 1067 1169 1099 virtutem
1193 1065 1407 1098 reformantur

255 1113 411 1147 Ordinato
437 1118 590 1154 tempore.
938 1115 1037 1154 Aegri
1060 1116 1151 1154 lapso
1171 1122 1314 1154 corpore.

221 1203 229 1210 .
256 1180 339 1213 Inde
362 1180 478 1213 meruit
502 1180 631 1213 audire:
878 1183 909 1215 6.
937 1182 1002 1221 Quo
1029 1181 1187 1214 medelam
1211 1188 1388 1212 mereamur

248 1227 348 1271 Euge,
377 1236 464 1268 cuge,
491 1237 583 1261 serve
607 1229 699 1269 bone,
939 1229 1145 1269 1niquitatum
1170 1231 1350 1262 nostrarum

248 1276 423 1316 Resignata
447 1276 571 1309 ratione
935 1277 987 1309 Ab
1013 1277 1145 1310 occultis
1171 1277 1346 1308 animarum

246 1323 406 1357 Gaudium
430 1324 609 1365 ingredere.
935 1324 1077 1357 Solidato
1103 1326 1243 1365 vulnere,

547 1392 578 1426 7.
606 1392 631 1425 O
655 1391 795 1432 Ubalde,
820 1394 915 1431 pater
939 1392 1032 1436 alme,

603 1439 761 1472 Salutaris
785 1439 954 1479 medicina,

601 1486 655 1520 Ad
677 1487 853 1527 juvandum
879 1496 937 1519 nos
962 1483 1081 1520 festina

601 1535 640 1567 In
666 1543 814 1575 supremo
838 1543 984 1576 vespere.

261 1634 346 1661 Brev.
366 1642 419 1662 mS.
439 1634 589 1663 Minorum
608 1635 758 1671 Eugubin.
779 1642 857 1664 saec.
878 1632 922 1663 15.
963 1633 1034 1663 Cod.
1052 1634 1214 1671 Angelicus
1234 1635 1259 1662 Τ
1279 1633 1337 1661 VH
1360 1631 1385 1661 9.

622 1785 692 1817 462.
721 1785 766 1818 De
786 1787 894 1818 sancto
914 1785 1075 1819 Udalrico.

210 1889 217 1897 .
246 1863 389 1897 Odorlici
414 1872 602 1897 veneremur
875 1868 906 1900 3.
932 1866 1030 1899 Velut
1053 1866 1142 1899 sidus
1168 1868 1202 1899 in
1227 1866 1372 1906 Augusta

293 1911 455 1944 Praesulis
481 1911 644 1952 solemnia,
980 1913 1098 1954 Fulget
1123 1923 1277 1954 spargens
1302 1914 1439 1954 radium,

248 1960 334 1992 Voce
359 1959 448 1991 clara
470 1958 643 1998 jubilemus
932 1962 1055 1994 Vernat
1078 1970 1150 1994 rosa
1175 1965 1241 1994 tam
1267 1965 1399 1995 venusta

295 2008 333 2040 In
360 2006 409 2039 sui
430 2007 592 2046 memoria,
982 2010 1070 2042 Inter
1096 2009 1198 2042 cleros
1223 2010 1337 2051 lilium,

246 2056 353 2090 Corde
376 2064 458 2097 puro
484 2054 681 2087 celebremus
933 2057 984 2089 De
1010 2057 1173 2097 triumpho
1198 2058 1232 2089 vi
1254 2058 1345 2091 robus
1354 2062 1388 2090 ta

292 2103 373 2144 Ejus
399 2103 557 2138 natalitia.
980 2105 1075 2138 Vitae
1100 2107 1189 2137 tenet
1212 2105 1368 2140 bravium.

209 2198 217 2205 .
247 2171 351 2205 Claris
377 2179 458 2212 puer
482 2170 568 2203 heris
593 2174 686 2203 natus
875 2173 907 2205 4.
934 2171 984 2204 De
1008 2172 1068 2204 hac
1095 2173 1177 2204 valle
1199 2173 1296 2213 plena
1320 2173 1393 2206 telis

290 2219 402 2252 Nobili
427 2220 590 2260 prosapia,
981 2220 1075 2253 Vitae
1102 2221 1188 2261 cupit
1214 2222 1394 2262 terminum,

246 2268 344 2308 Quem
371 2267 506 2301 lactavit
530 2267 684 2301 educatus
935 2267 1052 2301 Servus
1077 2269 1219 2309 prudens
1246 2273 1278 2302 et
1301 2268 1406 2303 fidelis

291 2316 424 2349 Fertilis
451 2315 633 2361 Germania,
980 2317 1085 2350 Intrat
1111 2317 1229 2350 Christi
1255 2319 1415 2360 gaudium,

244 2366 357 2398 Victus
381 2372 479 2405 prece
503 2365 706 2405 praesulatus
933 2364 1080 2397 Paradisi
1105 2365 1138 2397 in
1164 2366 1303 2399 amoenis

292 2413 437 2446 Functus
462 2410 525 2444 fuit
550 2413 662 2455 gloria.
980 2413 1012 2446 It
1040 2413 1083 2446 ad
1109 2415 1190 2446 coeli
1213 2416 1338 2449 solium.

243 2473 371 2500 Dreros,
386 2470 474 2500 Hymni
488 2471 586 2496 Inediti.
1295 2469 1330 2500 18
