1651 2621
614 197 679 229 140.

193 302 200 308 .
227 277 372 308 Aurorae
395 275 501 317 fulgor
524 277 640 317 radiat,

226 322 327 355 Jubar
355 324 441 362 plebi
463 325 529 361 jam
555 324 674 365 rutilat,

227 369 303 402 Cum
330 371 397 403 dies
422 370 504 403 festa
528 372 641 403 redeat

227 416 320 449 Clara
342 418 496 450 reducens
521 418 646 458 gaudia.

224 473 400 514 Dignanter
422 474 541 514 psallat
564 475 659 507 hodie

225 521 321 553 Plebs
345 523 412 553 tota
437 522 504 562 regi
528 522 659 563 gloriae,

224 569 283 607 Qui
307 568 475 601 Domnium
500 569 532 600 in
558 569 686 600 aethere

225 615 320 647 Stolis
345 619 437 648 ornat
461 617 622 648 victoriae.

702 103 934 139 „ggq

708 196 752 228 De
772 200 877 229 sancto
897 197 1033 229 Domnio.

850 279 881 311 3.
907 277 1039 310 Athleta
1063 279 1264 318 venerabilis,

906 324 974 356 Deo
1000 328 1131 359 multum
1155 325 1309 363 amabilis,

905 372 1038 412 Largire
1063 373 1125 405 tuis
1151 372 1278 405 famulis

905 419 1003 452 Bonis
1027 421 1167 461 gaudere
1192 419 1330 452 coelicis.

904 476 1024 516 Magna
1048 478 1088 509 sit
1113 477 1181 508 laus
1205 474 1293 515 patri
1316 474 1397 512 Deo,

907 523 1051 556 Potestas
1075 524 1246 563 unigenito,

906 569 1036 602 Summa
1057 572 1157 603 virtus
1181 568 1339 610 paraclito

904 617 942 649 In
966 620 1109 658 tempoie
1133 620 1298 657 per.petuo

238 681 328 708 Psalt.
354 689 407 707 ms.
428 680 468 717 Sp
471 681 600 709 alsecense
621 679 763 709 saec-16.
803 681 1314 718 Οοιῑ.01911.3ρ3131011.1111.-
1334 678 1392 708 Die
1412 680 1469 707 Ab·

162 719 266 745 sclnift
300 720 394 746 dieses
428 720 561 754 Hymnus
603 718 744 747 νει-(1111110
780 718 827 747 ich
866 719 917 747 der
949 692 1256 757 Liebgnswiirdigkeit
1290 718 1340 746 (les
1371 717 1470 746 Heri-n

161 756 212 783 Dr.
233 756 344 793 Joseph
363 756 528 784 Mantuani.

612 848 667 880 141.

697 849 740 879 De
764 850 872 880 saneto
894 849 1020 880 Donato.

653 924 701 953 Ad
723 924 809 962 Vesp.
832 927 862 953 et
879 925 966 955 Noct.

160 993 190 1023 1.
219 990 375 1030 Donatus,
403 992 507 1024 clarus
533 1000 657 1033 genere,

217 1036 356 1077 Fulgens
381 1039 508 1070 virtutis
532 1048 637 1079 opere,

216 1084 298 1116 Dum
323 1085 455 1125 pellitur
476 1086 672 1127 parentibus,

214 1132 420 1164 Adseribitur
446 1133 645 1167 coelestibus,

217 1189 313 1228 Quem
337 1190 439 1221 nutrit
463 1190 659 1232 Nicomedia,

215 1236 317 1268 Roma
342 1236 434 1269 docet
458 1237 592 1278 egregia,

216 1283 333 1324 Fulget
356 1284 453 1324 signis
477 1284 594 1322 Aritio‚

215 1330 412 1370 Resplendet
436 1335 468 1363 et
491 1332 653 1371 martyrio.

842 994 873 1025 3.
900 993 1047 1024 Asterius
1071 994 1236 1024 daemonio

900 1040 983 1071 Dum
1009 1042 1180 1071 vexaretur
1205 1039 1332 1082 acriter,

901 1085 1010 1118 Crucis
1036 1087 1156 1118 Christi
1180 1088 1333 1126 mysterio

899 1133 1038 1166 Sanatur
1060 1133 1261 1165 mirabiliter.

839 1190 871 1221 4.
899 1191 1006 1230 Agens
1030 1190 1147 1222 missae
1173 1189 1326 1231 mysteria

897 1236 1064 1269 Fidelibus
1091 1237 1263 1276 distribuit,

898 1284 996 1323 Quem
1021 1283 1164 1325 fregerat
1187 1293 1264 1325 gens
1287 1285 1397 1327 impia,

896 1332 975 1364 Mox
1000 1332 1131 1364 calicem
1155 1333 1304 1367 restituit,

544 1389 574 1420 5.
601 1387 651 1419 Sit
674 1387 812 1419 trinitati
836 1388 948 1428 gloria,

598 1436 720 1474 Honor,
749 1435 853 1477 decuS,
880 1435 1059 1476 imperium,

600 1482 649 1514 Sit
671 1481 762 1513 nobis
789 1482 869 1513 coeli
893 1482 1044 1522 gaudium

600 1529 662 1560 Per
685 1528 804 1560 Donati
827 1528 1020 1569 suffragium.

232 1593 340 1628 Hymn.
375 1601 426 1620 ms.
451 1593 589 1621 Aretinus
622 1594 693 1620 anni
720 1592 800 1620 1511.
847 1592 915 1621 Cod.
943 1592 1036 1627 Capit.
1061 1595 1177 1622 Aretim'
1202 1596 1238 1623 K.
1265 1595 1299 1622 A.
1327 1612 1363 1616 —
1396 1595 1466 1623 Cod.

156 1631 342 1659 Vallieellan.
364 1630 389 1658 G
409 1629 453 1658 76.
477 1630 678 1667 apographum

601 1722 664 1753 142.

183 1898 189 1903 .
213 1870 364 1902 Immanis
387 1869 484 1901 draco
508 1869 661 1909 prodiens

213 1917 356 1950 Asellum
383 1917 485 1948 cauda
509 1916 658 1960 vinciens,

214 1964 375 1996 Donatum
399 1965 486 1995 nisus
509 1963 639 1996 laedere

214 2012 291 2044 Ruit
313 2011 433 2052 flagelli
457 2011 600 2043 verbere.

179 2092 186 2099 .
212 2067 372 2101 Defuncta
398 2068 470 2099 dum
495 2068 678 2108 requiritur,

210 2116 329 2148 Latens
353 2115 519 2147 thesaurus
544 2116 701 2154 proditur,

214 2164 313 2201 Quam
337 2163 472 2195 suscitat
495 2162 533 2195 ab
559 2161 683 2201 inferis,

213 2210 396 2244 Locandam
421 2211 553 2243 mandat.
576 2210 710 2250 superis,

702 1639 773 1658 saec.
797 1630 841 1658 17.
861 1631 894 1658 B.
918 1647 951 1650 —
973 1629 1000 1664 3,
1021 1629 1038 1659 3
1060 1633 1162 1660 Crucis
1182 1633 1257 1660 fehlt
1275 1633 1311 1660 B.

694 1722 738 1753 De
758 1722 865 1754 sancto
886 1723 1016 1754 Donate.

710 1798 760 1828 Ad
777 1798 906 1829 Laudes.

838 1869 869 1901 3.
895 1869 1031 1901 Fontem
1055 1877 1176 1901 veneno
1200 1870 1367 1904 sordidum

896 1915 995 1947 Sanat
1021 1918 1122 1948 crucis
1148 1917 1342 1960 charactere,

896 1963 1049 1995 Producit
1072 1963 1191 1996 fontem
1216 1966 1386 2005 limpidum

895 2010 1024 2042 Effusae
1048 2011 1153 2050 precis
1178 2021 1319 2046 munere.

838 2069 868 2099 4.
893 2068 1100 2107 Imperatoris
1123 2068 1248 2100 unicam

895 2116 926 2146 A
952 2114 1104 2146 daemone
1130 2115 1203 2147 dum
1228 2116 1354 2159 liberat,

895 2162 1050 2202 Reginam
1075 2161 1154 2194 facit,
1179 2164 1341 2210 coelicam,

897 2208 1051 2248 Sponsam
1070 2210 1194 2242 Christo
1214 2212 1286 2244 dum
1306 2212 1462 2249 foederat.

550 2268 580 2299 5.
608 2267 657 2299 Sit
680 2265 817 2298 trinitati
841 2266 952 2306 gloria.

227 2334 271 2370 H)
270 2343 337 2361 mn.
366 2342 419 2360 ms.
446 2333 584 2362 Aietinus
615 2334 686 2361 anni
713 2331 796 2361 1511.
844 2331 913 2360 Ood.
942 2332 1002 2368 Cap
1004 2333 1036 2359 it.
1063 2333 1179 2361 Aretini
1203 2336 1239 2363 K
1266 2337 1301 2364 Α,
1328 2353 1364 2357 -
1393 2338 1462 2366 cod,

149 2343 335 2439 ἒὸηὲὲιὲἐΙἙ.
353 2372 379 2401 G
404 2370 449 2399 76.
479 2372 680 2408 apographum
704 2380 779 2402 saec.
803 2370 846 2399 17.
866 2371 900 2398 B.
929 2384 964 2390 —-
984 2341 1026 2404 P2,
1047 2368 1065 2399 3
1086 2372 1179 2405 Quem
1199 2374 1231 2401 Β.
1254 2389 1291 2394 -—
1311 2373 1341 2410 2,
1365 2375 1385 2404 4
1403 2376 1463 2405 Lo-
