1651 2621
704 129 937 166 -40-0.

597 253 643 284 60.
674 252 717 283 De
736 254 844 285 sancto
865 252 1028 285 Antoni-no.

645 336 694 367 Ad
713 337 798 367 Noct.
819 341 848 367 et
867 338 994 368 Laudes.

166 417 195 448 1.
219 417 298 449 Dies
327 418 469 448 sacratus
492 416 602 447 inclito
860 418 890 450 7.
917 418 1001 449 Dum
1028 417 1153 450 ducitur
1172 418 1213 449 ad
1239 414 1402 456 tumulum,

221 464 375 495 Antonini
402 463 555 502 martyrio
916 465 1117 504 Conspicitur
1140 463 1336 502 miraculum,

221 511 307 542 Anni
332 511 464 543 reducto
488 510 604 542 circulo
916 512 1013 544 Gutta
1037 511 1189 552 profluxit
1213 509 1383 550 sanguinis,

220 558 352 589 Festum
376 558 486 590 reddit
507 558 542 589 in
566 557 703 590 saeculo.
915 558 962 592 Ut
987 559 1079 591 daret
1101 559 1197 592 fidem
1220 556 1358 598 populis,

166 616 197 646 2.
224 615 376 647 Laetetur
400 623 478 654 grex
503 615 706 654 humillimus,
858 617 888 648 8.
917 616 974 649 Cui
997 618 1065 648 tota
1089 617 1181 656 plebs
1205 614 1387 656 gratissima

223 662 334 695 Clerus
360 666 502 702 uterque,
528 663 664 702 populus
915 664 1026 695 Laude
1048 664 1182 696 resultat
1209 662 1318 694 debita

221 709 353 741 Festum
378 710 499 742 recolat
522 710 679 751 laudibus,
915 711 1052 743 Ovantes
1076 720 1131 743 suo
1156 714 1299 750 tempore

223 756 324 789 Olaris
350 759 442 789 ornet
466 757 625 796 operibus.
912 757 984 789 Hoc
1007 759 1148 790 revelato
1175 765 1318 796 corpore.

164 815 196 846 3.
225 813 393 845 Gestorum
413 813 466 844 hic
490 814 645 845 miracula
855 815 886 846 9.
914 814 1130 846 Advenientes
1154 813 1294 846 morbidi

223 860 340 892 Christi
364 861 552 901 perquirens
575 861 693 899 lucida,
916 861 1082 901 Curantur,
1114 862 1207 895 simul
1230 859 1383 900 languidi,

221 908 407 947 Spei-nendo
431 908 541 939 mundi
565 908 690 939 lubrica
913 908 1048 941 Florent
1071 909 1206 940 virtutes
1230 908 1339 938 variae

226 955 319 987 Orbis
343 955 493 986 lustravit
518 955 653 986 climata.
913 954 1068 994 Martyris
1095 955 1213 987 Christi
1236 962 1378 987 munere.

162 1013 192 1044 4.
219 1011 339 1042 Doctus
364 1019 442 1043 voce
468 1011 626 1042 dominica
846 1012 898 1044 10.
914 1010 982 1043 Nos
1008 1021 1131 1051 quoque
1155 1012 1202 1043 tui
1227 1009 1339 1042 famuli

219 1058 336 1089 Mundi
361 1058 550 1096 contempsit
575 1058 700 1098 gaudia,
913 1060 1086 1091 Precamur
1111 1066 1217 1090 omnes
1244 1059 1362 1098 cernui,

219 1105 330 1137 Hostis
356 1106 485 1137 vincens
508 1105 653 1144 tripudia
916 1105 963 1138 Ut
986 1105 1049 1136 tuis
1072 1106 1136 1136 tuti
1158 1105 1309 1145 precibus

224 1152 305 1185 Colli
334 1152 474 1191 suscepit
494 1152 614 1192 jugula.
918 1152 1046 1185 Cunctis
1070 1161 1243 1192 purgemur
1267 1152 1380 1185 noxiis.

163 1213 193 1243 5.
220 1209 351 1250 lgnotus
375 1210 478 1241 latens
503 1210 640 1249 saeculo,
846 1207 1061 1248 11.Auferto,
1089 1209 1175 1249 quod
1202 1208 1402 1249 deliquimus,

218 1256 286 1288 Deo
311 1259 404 1288 notus
429 1257 658 1296 tantummodo,
916 1255 1075 1298 Conferto,
1103 1265 1184 1296 quae
1209 1255 1421 1297 deposcimus,

219 1305 382 1335 Annorum
407 1312 466 1342 per
491 1304 649 1336 curricula
915 1304 960 1337 Ut
983 1313 1041 1335 nos
1067 1303 1267 1336 commendes
1292 1303 1428 1336 Domino

217 1351 316 1383 Plura
338 1351 492 1390 transegit
517 1354 671 1391 tempora.
914 1350 1017 1383 Hoste
1043 1351 1167 1383 devicto
1192 1351 1341 1391 pessimo.

162 1409 192 1441 6.
219 1408 390 1441 Urceolum
417 1416 485 1438 cum
511 1408 673 1448 sanguine,
846 1410 899 1441 12.
915 1409 1057 1451 Praesta,
1084 1408 1179 1440 beata
1202 1408 1340 1448 trinitas,

220 1455 323 1494 Caput
346 1455 520 1487 abscissum
545 1463 680 1495 corpore
916 1455 1064 1489 Concede
1088 1455 1224 1495 simplex
1248 1455 1365 1495 unitaS,

220 1501 353 1534 Savinus
380 1503 491 1534 doctus
516 1503 637 1534 somnio
914 1503 961 1536 Ut
985 1505 1096 1534 nostra
1120 1511 1178 1542 per
1203 1502 1357 1534 solemnia

218 1549 346 1581 Invenit
368 1550 402 1581 in
427 1550 564 1589 puteolo.
914 1549 988 1581 Tibi
1012 1550 1055 1580 sit
1078 1551 1148 1581 laus
1175 1553 1207 1581 et
1230 1550 1341 1589 gloria.

234 1633 318 1660 Broev.
339 1642 392 1660 ms.
411 1632 615 1660 Placentinum
636 1641 711 1660 saec.
733 1630 776 1659 14.
812 1632 880 1660 Cod.
903 1633 995 1668 Capit.
1016 1632 1183 1660 Placentini
1204 1629 1248 1660 18.
1268 1633 1303 1660 A.
1323 1649 1363 1653 --
1382 1635 1466 1662 Brev.

160 1680 212 1698 nm.
243 1671 446 1699 Placentinum
475 1679 549 1698 saec.
579 1669 622 1697 15.
668 1670 737 1698 Cod.
772 1671 866 1706 Capit.
895 1671 1061 1698 Placentini
1092 1669 1135 1698 19.
1164 1671 1197 1698 B.
1227 1686 1265 1690 —
1297 1671 1383 1699 Brev.
1415 1682 1470 1700 ms.

158 1709 362 1736 Placentinum
383 1716 457 1736 rnec.
477 1707 520 1736 15.
556 1707 624 1735 (lod.
641 1708 734 1743 Capit.
749 1708 913 1736 Placentini
933 1706 978 1735 20.
994 1707 1023 1735 C.
1038 1722 1075 1726 —
1089 1709 1181 1736 Psalt.
1194 1717 1248 1736 ms.
1263 1709 1469 1738 Placentinum

160 1748 229 1774 anni
256 1746 338 1774 1514.
379 1746 447 1774 cod.
470 1745 564 1781 Capit.
584 1746 748 1774 Placentini
768 1744 815 1773 49.
836 1747 873 1774 D.
894 1762 932 1765 —
953 1744 977 1778 1⁷
1001 1744 1020 1773 4
1038 1746 1115 1773 redit
1132 1746 1168 1773 A.
1188 1762 1226 1767 ——-
1247 1746 1272 1780 7,
1294 1745 1312 1775 3
1331 1749 1471 1784 prefulsit:

159 1786 193 1812 A.
213 1799 251 1803 —-
273 1783 316 1818 10,
338 1783 355 1811 2
374 1786 529 1812 Precemur
547 1785 581 1811 A.
601 1799 638 1803 —
658 1783 740 1812 Nach
762 1784 819 1811 Str.
841 1782 857 1811 6
877 1784 1005 1812 Divisio.

569 1952 610 1983 61.
643 1953 687 1984 De
707 1959 731 1982 s.
751 1952 883 1983 Antonio
903 1950 1056 1983 Eremita.

447 2043 477 2074 1.
508 2040 623 2074 Confer
648 2041 780 2074 alternis
804 2049 977 2082 personare
999 2042 1085 2073 vocis

504 2089 647 2130 Organis,
674 2089 756 2120 alme
782 2089 924 2121 cordium
948 2089 1077 2128 solator,

504 2137 613 2168 Incliti
635 2136 682 2168 tui
707 2136 804 2168 eremi
830 2137 959 2171 cultoris

551 2184 645 2216 Vitae
669 2186 811 2224 peracta.

446 2261 477 2292 2.
503 2259 588 2292 Fere
611 2261 740 2301 vigenos
766 2261 998 2294 consummarat
1022 2268 1130 2301 annos,

504 2308 621 2340 Inclita
644 2307 736 2348 prole
760 2316 929 2347 generosus
955 2309 1091 2350 exstans,

506 2354 582 2387 Cum
606 2355 668 2387 sibi
694 2355 805 2386 callem
829 2355 979 2387 vendicat
996 2355 1140 2394 polorum

552 2402 663 2435 Indice
689 2401 826 2435 Christo.
