1651 2621
681 132 944 169 —155—

423 229 453 261 6.
482 228 570 268 Quod
598 230 689 262 nobis
714 233 858 272 praestet
879 233 910 263 te
934 230 1036 271 patris
1062 231 1174 262 orante

479 275 602 321 DeitaS,
629 279 696 310 nati
721 278 915 319 spiritusque
940 278 1054 316 sancti,

480 323 631 364 Optatum
657 335 779 365 munus,
806 326 858 366 qui
886 326 1000 358 colitur
1024 333 1176 364 summus,

529 372 647 405 Trinus
673 378 705 405 et
728 383 819 407 unus,

232 456 318 483 Brev.
338 464 392 484 ms.
410 455 440 485 S.
462 456 592 493 Sophiae
611 458 836 486 Beneventanae
857 466 932 485 saec.
958 455 1001 485 11.
1041 457 1111 485 Coti.
1131 458 1266 485 Vatican.
1288 453 1372 484 492&

617 588 684 619 259.
714 588 757 619 De
777 588 885 619 sancto
905 588 1014 620 ivone.

693 665 740 694 Ad
758 665 949 696 Nocturnum.

161 742 190 775 1.
217 741 368 775 Exsultet
391 751 467 783 pars
492 744 657 783 catholica,
846 746 878 777 4.
905 743 969 777 Sed
996 744 1145 776 coelestia
1168 743 1289 783 sitiens,

217 788 371 822 Laetetur
395 790 488 830 plebs
511 791 708 835 Britannica⁷
903 790 989 823 Vera
1013 791 1129 831 gandia
1153 791 1306 830 ambiens,

217 836 286 869 Deo
314 838 503 877 depromens
530 840 663 879 cantica,
904 838 1021 871 Sancta
1046 837 1251 879 frequentans
1276 847 1374 878 opera

214 883 307 917 Ivoni
332 885 386 925 qui
412 885 468 918 dat,
493 886 622 920 coelica.
905 886 1092 918 Translatus
1119 889 1165 918 est
1191 886 1231 918 ad
1257 894 1381 925 supera.

158 962 190 993 2.
218 960 319 992 Nemo
344 963 452 1001 posset
480 963 657 1002 concipere,
846 963 877 996 5.
905 961 1060 995 Conemur
1085 962 1175 994 bonis
1198 962 1331 1005 actibus,

217 1007 288 1040 Nec
311 1017 374 1041 vox
399 1011 508 1048 posset
533 1010 721 1049 exprimere,
903 1008 1062 1049 Rogemus
1087 1010 1149 1048 piis
1174 1009 1342 1048 mentibus,

219 1055 350 1094 Quantis
375 1057 417 1087 sit
439 1056 552 1097 dignus
578 1057 738 1097 laudibuS,
904 1056 950 1091 Ut
973 1057 1038 1088 suis
1064 1056 1163 1088 sacris
1188 1056 1347 1100 precibus,

219 1102 350 1141 Quantis
376 1105 536 1144 rogandus
560 1104 721 1145 precibus.
903 1104 1080 1145 Jungamur
1106 1104 1185 1136 coeli
1212 1104 1343 1138 civibus

160 1180 192 1213 3.
217 1179 270 1212 Ab
297 1179 410 1212 aetatis
436 1180 613 1219 primordio
846 1181 876 1214 6.
904 1181 995 1220 Quod
1020 1180 1110 1213 nobis
1137 1181 1280 1213 Christus
1306 1183 1434 1222 annuat,

218 1226 280 1260 Dei
304 1236 340 1258 se
366 1227 444 1259 dans
471 1228 631 1269 obsequio,
904 1226 971 1260 Nos
996 1237 1016 1259 a
1038 1228 1178 1268 peccatis
1204 1228 1322 1268 abluat,

218 1274 334 1307 Mundi
359 1283 514 1314 spernens
540 1276 680 1316 divitias,
905 1276 1042 1308 Precum
1065 1275 1159 1315 hujus
1184 1276 1336 1307 instantia

218 1322 364 1356 Honores
390 1326 424 1355 et
449 1322 591 1356 delicias.
902 1322 964 1354 Dei
989 1321 1132 1354 fruamur
1156 1323 1266 1362 gloria.

234 1407 321 1435 BreV.
347 1416 400 1435 ms.
422 1407 451 1436 S.
473 1407 628 1443 Sepulchri
655 1415 730 1435 saec.
761 1404 834 1435 ΗΑΓ).
875 1406 944 1434 Cod.
970 1407 1104 1435 Parmen.
1132 1406 1227 1434 Palat.
1252 1404 1314 1434 186.
1363 1421 1370 1424 -
1394 1405 1424 1440 1,
1454 1405 1468 1434 1

157 1444 280 1473 Exaltet
298 1454 377 1481 pars.

622 1566 687 1599 260.
717 1566 761 1598 De
780 1566 888 1598 sancto
909 1566 1013 1598 ivone.

715 1644 765 1674 Ad
783 1643 911 1675 Laudes.

158 1726 189 1760 1.
216 1725 303 1767 Jesu,
330 1725 516 1765 redemptor
540 1724 669 1765 saeculi,
839 1726 871 1758 4.
897 1724 1043 1756 Mortuos
1068 1724 1153 1756 vitae
1177 1726 1317 1765 reparat,

215 1774 361 1807 Peccatis
385 1781 484 1813 parce
507 1773 629 1814 populi,
900 1774 1023 1812 Aegros
1048 1781 1068 1804 a
1089 1772 1210 1804 morbis
1234 1772 1361 1811 liberat,

215 1821 324 1855 lvonis
350 1822 450 1853 sacris
477 1821 627 1861 precibus
902 1821 1031 1853 Goelum
1056 1819 1205 1860 precibus
1231 1823 1356 1851 reserat

218 1869 346 1902 Nostris
371 1867 478 1902 faveto
503 1866 641 1901 fletibus.
903 1868 947 1899 Et
973 1868 1179 1900 daemonibus
1204 1868 1351 1907 imperat.

157 1948 189 1981 2.
216 1946 402 1980 Monstrant
426 1945 493 1986 ejus
519 1946 689 1978 austeritas
845 1948 876 1979 5.
903 1944 962 1978 Cui
984 1947 1082 1976 testes
1107 1946 1180 1976 sunt
1204 1944 1343 1987 Anglici‚

214 1994 261 2028 Et
283 1994 411 2026 illibata
430 1994 565 2035 puritas,
906 1992 1060 2032 Aquitani
1087 1995 1117 2023 et
1144 1990 1271 2031 Gallici,

217 2043 308 2084 Quod
333 2042 486 2083 sperabat
512 2041 552 2073 de
570 2041 725 2082 praemio,
903 2040 994 2080 Quod
1019 2040 1062 2072 ad
1087 2040 1148 2072 hoc
1172 2040 1281 2079 nequit
1307 2040 1403 2080 objici

216 2091 290 2125 Non
315 2090 458 2133 gaudens
484 2089 681 2123 transitorio.
904 2088 1005 2131 Quid,
1032 2088 1090 2121 sed
1115 2088 1199 2128 quod
1224 2091 1299 2119 sunt
1324 2088 1468 2121 veridici.

158 2170 189 2204 3.
216 2168 333 2201 Nullus
355 2169 467 2210 posset
489 2174 550 2207 per
574 2166 700 2207 singula
847 2168 877 2200 6.
903 2165 990 2205 Ergo
1016 2174 1083 2205 nos,
1110 2166 1203 2204 pater
1226 2164 1346 2207 inclite,

214 2216 295 2256 Ejus
322 2215 437 2249 crebra
460 2215 616 2248 miracula
905 2213 1002 2245 Vultu
1028 2212 1154 2253 respice
1178 2221 1305 2252 cernuo,

215 2264 371 2307 Narrare,
397 2272 480 2304 quae
502 2272 562 2304 per
586 2262 716 2295 saecula
904 2261 973 2293 Nos
997 2261 1158 2300 majestati
1183 2260 1295 2293 deicae

215 2313 340 2345 Luceni:
366 2314 398 2343 et
422 2313 546 2345 clarent
570 2311 692 2344 sedula.
911 2308 1003 2341 Cives
1031 2308 1128 2340 dones
1153 2311 1319 2349 perpetuo.

232 2398 318 2426 Brev.
340 2405 392 2425 ms.
415 2396 444 2424 S.
465 2395 620 2433 Sepulchri
641 2404 717 2425 saec.
741 2392 814 2423 ¹4l15.
849 2393 919 2422 Cod.
932 2393 1068 2422 Parmen.
1083 2393 1177 2422 Palat.
1201 2391 1264 2423 186.
1279 2410 1316 2415 -—
1331 2393 1359 2431 3,
1372 2394 1393 2424 4
1412 2397 1471 2424 ela-

155 2439 222 2467 rent
241 2435 354 2464 cedula.
377 2450 414 2455 »-
435 2433 461 2470 5,
484 2433 499 2463 1
522 2435 580 2468 Qui
600 2436 700 2463 testes,
722 2449 759 2454 -—
780 2432 806 2468 5,
827 2431 847 2460 4
866 2431 1009 2460 vei-adici.
