1651 2621
756 132 988 170 *75*

611 255 666 288 118.
694 257 738 289 De
757 257 864 290 sancto
886 257 1116 298 christophoro.

774 355 823 385 Ad
843 354 971 385 Laudes.

216 439 246 471 1.
273 439 422 472 Jucunda
448 440 529 472 coeli
555 441 677 473 civibus

272 486 492 519 Recensentur
516 488 679 530 solemnia,

275 534 353 567 Cum
375 535 511 575 suscipit
536 535 783 577 christophorus

271 582 436 621 Supernae
459 583 546 615 vitae
571 584 696 624 gaudia.

214 650 246 680 2.
273 649 401 682 Relicta
424 658 542 690 pompa
567 651 686 682 saeculi

273 696 430 729 Laborem
455 698 552 730 sumit
576 697 714 740 humilis,

272 744 377 776 Trans
403 745 487 777 vada
511 748 644 784 portans
668 744 758 777 fluvii

274 792 315 825 Se
339 795 474 832 praevet
498 801 625 825 servum
650 793 795 825 servuliS.

215 860 246 892 3.
273 859 358 891 Dum
385 867 501 899 corpus
526 861 640 900 gravat
664 860 765 903 pueri,

273 907 363 946 Quod
402 906 560 940 Christum
604 906 668 939 fert
703 906 843 939 Christo-

614 954 744 997 phorus,

273 1001 381 1034 Verba
405 1003 565 1033 testantur
586 1002 724 1043 parvuli,

273 1049 403 1082 Pondus
427 1052 459 1081 et
481 1047 599 1081 florens
624 1049 768 1083 baculus,

903 445 936 476 4.
962 442 1086 483 Lingua
1110 442 1221 474 doctus
1245 451 1264 474 a
1291 441 1422 474 Domino

959 489 1078 524 Christi
1104 489 1263 522 confortat
1286 489 1413 528 milites,

962 537 1045 576 Quos
1070 537 1180 569 mundi
1204 539 1312 576 spreto
1338 536 1464 568 saeculo

959 584 1082 617 Reddit
1105 585 1138 616 in
1165 584 1290 617 Christo
1318 585 1443 616 divites.

903 652 933 683 5.
959 650 1022 683 Hic
1048 654 1162 690 sponte
1186 651 1291 691 pergit
1315 652 1448 691 propria

962 698 1099 730 Vocatus
1125 698 1166 730 ad
1191 699 1393 740 martyrium,

962 746 1124 779 Virtutum
1148 746 1295 785 pandens
1319 746 1422 778 ardua

960 793 1027 825 Dat
1052 802 1166 834 corpus
1191 794 1258 833 regi
1283 793 1432 833 pretium.

904 860 934 892 6.
964 861 1105 903 Praesta,
1131 863 1225 901 pater
1248 860 1392 900 piissime

963 908 1113 948 Patrique
1138 916 1267 948 compar
1291 909 1393 948 unice,

966 955 1044 988 Cum
1069 955 1185 994 spiritu
1209 956 1365 996 paraclito

963 1001 1057 1034 Nunc
1082 1005 1115 1034 et
1137 1011 1197 1041 per
1221 1011 1313 1034 omne
1337 1003 1508 1038 saeculum.

292 1135 378 1162 Brev.
399 1143 453 1162 ms.
467 1134 562 1162 Vallis
575 1133 741 1161 Umbrosae
761 1141 836 1161 saec.
858 1131 903 1160 15.
936 1132 1005 1161 (jud.
1020 1134 1209 1161 Laurentian.
1226 1134 1314 1161 Conv.
1336 1142 1399 1170 sup.
1413 1134 1478 1163 4³7.
1494 1150 1532 1155 -

212 1171 238 1207 3,
260 1171 280 1200 4
299 1171 411 1201 Ponde-

438 1189 468 1192 --
490 1172 656 1209 Doxologie
675 1180 731 1199 nur
752 1173 913 1207 begonnen.

621 1339 678 1373 119.
707 1339 751 1372 De
772 1340 880 1372 sancto
901 1340 1131 1381 Christophoro.

771 1437 820 1467 Ad
838 1436 967 1467 Laudes.

216 1530 247 1563 1.
273 1528 427 1561 Miranda
451 1535 503 1559 res
530 1529 578 1559 est
603 1526 730 1567 caritaS‚

273 1575 475 1609 invincibilis
499 1575 646 1615 qualitas,

273 1624 373 1663 Quam
397 1632 461 1656 non
486 1621 608 1663 frangit
633 1622 811 1654 adversitas

273 1672 343 1704 Nec
368 1671 494 1705 extollit
518 1671 727 1713 prosperitas.

214 1742 246 1773 2.
269 1740 382 1780 Ignem
403 1747 467 1771 non
493 1738 584 1770 timet
607 1746 667 1770 nec
691 1736 823 1777 ferrum,

272 1787 344 1820 Nec
365 1787 454 1828 ligna
477 1794 582 1827 neque
606 1785 758 1829 gladium,

272 1836 343 1868 Nec
368 1834 506 1867 carceris
532 1833 749 1875 opprobrium,

273 1883 338 1916 Sed
365 1883 447 1916 mori
474 1882 676 1915 desiderium.

212 2001 245 2034 3.
271 2000 358 2032 Ecce
387 2001 512 2039 martyr
534 1997 794 2038 Christophorus,

272 2047 396 2089 Spiritu
420 2048 530 2079 sancto
556 2055 718 2086 accensus,

270 2097 309 2129 111
335 2096 418 2137 ignis
445 2096 553 2127 centro
578 2094 711 2137 positus,

271 2144 379 2184 Ipsum
405 2153 468 2177 non
493 2142 593 2175 sensit
618 2143 755 2183 penitus.

902 1529 933 1560 4.
960 1526 1025 1558 Sed
1050 1528 1086 1558 ut
1109 1535 1183 1558 rosa
1204 1526 1420 1566 pulcherrima,

904 1739 934 1771 5.

903 1998 935 2032 6.

959 1573 1073 1606 Facies
1100 1574 1167 1614 ejus
1195 1575 1310 1606 decora

960 1621 1090 1653 Nullam
1116 1622 1275 1654 contraxit
1299 1622 1466 1663 maculam,

960 1669 1146 1702 Formosam
1171 1670 1298 1711 signans
1323 1669 1471 1703 animam.

963 1736 1086 1776 Sagitta
1108 1736 1314 1777 insensibilis,

961 1785 1045 1825 Quid
1078 1788 1146 1826 est,
1180 1785 1266 1826 quod
1299 1794 1363 1817 non
1387 1787 1532 1817 sanctum

1302 1832 1405 1874 tangis
1416 1832 1432 1864 ’ὲ

962 1881 999 1913 In
1025 1883 1187 1914 auctorem
1212 1882 1395 1921 reverteris,

962 1930 1096 1962 Oculum
1121 1929 1212 1968 cujus
1237 1930 1332 1963 eruiS.

963 1997 1058 2036 Cujus
1082 1997 1171 2036 jussu
1198 1995 1381 2029 confoditur

963 2045 1212 2085 Christophorus
1237 2047 1269 2076 et
1290 2046 1433 2088 moritur,

961 2093 1026 2125 Sed
1048 2093 1181 2134 spiritus
1207 2093 1362 2133 recipitur

962 2141 1135 2182 Spiritibus
1162 2142 1361 2174 coelestibus,

559 2211 589 2243 7.
617 2209 716 2242 Trino
741 2209 810 2242 Deo
837 2211 869 2241 et
892 2209 1031 2249 simplici

613 2257 710 2299 Laus,
737 2258 847 2297 honor,
874 2257 986 2296 virtus,
1012 2256 1122 2297 gloria,

613 2305 674 2345 Qui
696 2314 754 2338 nos
778 2314 876 2346 prece
900 2305 1124 2345 Christophori

614 2353 722 2387 Ducat
747 2354 788 2385 ad
815 2353 895 2385 coeli
920 2353 1047 2394 gaudia.

292 2436 385 2466 Psalt.
406 2445 459 2464 ms.
480 2437 616 2464 italicum
637 2445 713 2468 saec.
737 2436 779 2465 15.
822 2437 892 2465 Cod.
914 2437 1057 2465 Oxonien.
1077 2438 1144 2467 Lat.
1164 2438 1279 2474 Liturg.
1301 2447 1319 2466 a
1340 2436 1365 2465 1.
