1651 2621
217 1147 234 1177 0ss

724 118 981 152 —130—

564 209 622 241 216.
654 211 699 242 De
718 218 758 241 ss.
779 209 899 241 Hilario
922 209 955 240 et
972 209 1150 241 Valentino.

741 288 791 317 Ad
809 287 967 325 Vesperas.

231 381 238 387 .
264 358 440 397 pangamus
464 356 575 389 laudes
600 357 707 397 gaudii
895 359 925 391 6.
952 357 990 388 In
1018 359 1114 396 ponte
1140 355 1321 388 Camillario

264 405 327 436 Pro
351 407 525 445 martyrum
549 404 683 436 victoria
953 404 1145 436 Mutilantur
1170 404 1326 443 capitibus

267 451 438 491 Valentini,
461 450 587 494 Hilarii,
954 451 991 483 In
1016 451 1146 483 coelesti
1169 451 1288 490 palatio

267 498 403 537 Quorum
427 498 506 530 haec
531 501 579 529 est
601 498 761 531 memoria.
954 497 1077 530 Sanctis
1099 498 1274 538 junguntur
1299 497 1448 531 coetibus

234 580 241 586 .
265 555 429 587 Venerunt
450 555 484 586 in
508 554 635 588 Italiam
897 557 927 588 7.
953 555 1070 587 Mulier
1091 553 1240 587 Eudoxia

267 602 317 633 Ab
344 602 465 633 oriente
489 602 615 642 gemini,
955 602 1087 635 Sacrata
1110 602 1250 633 membra
1280 600 1404 640 sepelit,

269 648 528 681 Perambulantes
553 649 698 681 Tusciam
956 649 1143 681 Sanctorum
1168 651 1257 679 actus
1285 648 1418 690 conseia,

271 695 414 728 Castrum
442 696 563 727 intrant
588 695 732 729 Viterbii,
954 696 1092 736 Propter
1114 696 1197 734 quod
1214 698 1347 727 mortem
1363 695 1506 734 pertulit.

236 775 242 781 .
269 752 305 783 In
330 760 390 791 quo
415 754 483 783 erat
505 752 685 784 Demetrius
897 755 928 786 8.
956 752 1030 783 Post
1053 752 1133 784 haec
1157 753 1263 783 consul
1288 751 1468 784 Demetrius

269 798 394 830 Sanctis
414 808 531 838 parans
552 799 718 839 supplicia,
955 799 1075 830 Dolore
1097 807 1230 839 quassus
1252 799 1302 830 ilii

269 846 442 877 Proconsul
465 846 679 885 iniquissimus
958 846 1143 879 Concutitur
1169 846 1330 884 divinitus,

272 892 384 932 Iniqua
407 891 472 923 fert
495 892 610 925 officia.
957 893 1097 925 Palmam
1122 893 1258 931 sumpsit
1279 892 1436 931 martyrii.

238 973 246 980 .
268 949 336 980 Hos
360 951 485 980 sanctos
510 949 593 980 necti
618 948 744 981 funibus
905 952 935 983 9.
962 949 1015 980 Sic
1030 957 1212 989 pugnavere
1234 950 1401 990 martyres,

274 996 371 1028 {iubet
395 1004 463 1026 cum
489 996 558 1027 saxi
581 996 731 1035 pondere,
961 996 1016 1028 Sic
1043 995 1189 1028 devicere
1211 995 1343 1038 proelia,

274 1042 398 1074 Tiberis
424 1044 523 1083 mergi
546 1041 703 1083 fluctibus,
959 1042 1012 1074 Sic
1035 1043 1132 1074 simus
1156 1043 1267 1074 horum
1291 1051 1455 1084 memores,

273 1090 354 1128 Quos
378 1090 486 1129 nequit
510 1098 591 1130 aqua
615 1090 751 1122 laedere.
958 1090 1004 1123 Ut
1028 1089 1119 1121 nobis
1145 1091 1272 1129 captent
1292 1090 1443 1130 praemia.

240 1170 246 1176 .
273 1146 352 1177 Mox
375 1146 510 1177 redeunt
533 1145 709 1177 Viterbium
892 1147 944 1179 10.
959 1146 1020 1178 Pro
1044 1146 1203 1185 triumpho
1228 1148 1293 1177 tani
1317 1145 1437 1187 inclito,

274 1192 389 1223 Sancto
414 1193 528 1231 repleti
551 1191 687 1233 fiamine,
962 1194 1026 1225 Pro
1051 1196 1115 1224 tam
1139 1202 1254 1232 magna
1274 1193 1415 1231 victoria,

275 1239 388 1271 Verbis
411 1241 558 1278 torquent
580 1239 775 1271 Demetrium
960 1240 1060 1279 Patri,
1085 1242 1169 1281 nato,
1196 1239 1350 1278 paraclito

274 1285 370 1317 Sacro
394 1286 557 1325 loquentes
581 1284 708 1319 famine.
962 1286 1011 1318 Sit
1033 1287 1226 1326 sempiterna
1250 1287 1360 1327 gloria.

292 1351 361 1379 Cod.
383 1351 546 1378 Bruxellen.
565 1348 724 1378 8067—74.
746 1349 867 1387 (apogr.)
886 1359 960 1378 saec.
983 1349 1026 1378 17.
1046 1352 1080 1379 A.

573 1440 632 1472 217.
662 1441 705 1472 De
725 1449 764 1473 ss.
785 1441 904 1473 Hilario
927 1442 958 1471 et
976 1441 1154 1473 Valentino.

738 1517 786 1546 Ad
804 1517 992 1547 Nocturnum.

244 1615 250 1621 .
276 1587 452 1627 Pangamus
477 1585 587 1618 laudes
608 1586 715 1625 gaudii
893 1589 924 1619 4.
952 1587 1029 1618 Illos
1055 1587 1167 1618 vinciri
1192 1586 1319 1618 funibus

276 1634 337 1665 Pro
361 1635 535 1672 martyrum
556 1632 698 1674 victoria,
950 1633 1086 1673 Snxique
1109 1634 1215 1673 magni
1238 1633 1380 1673 pondere

277 1679 446 1718 Valentini,
471 1679 598 1718 Hilarii,
950 1680 1048 1713 Jubet
1071 1680 1229 1721 submergi
1252 1680 1410 1723 fiuctibus,

276 1727 413 1766 Quorum
434 1727 514 1758 haec
538 1728 586 1757 est
609 1726 767 1758 memoria.
951 1726 1014 1759 Sed
1038 1728 1146 1767 nequit
1170 1729 1258 1760 unda.
1279 1728 1418 1761 laedere.

244 1810 251 1817 .
280 1784 440 1815 Venerunt.
462 1783 495 1814 in
519 1782 645 1815 Italiam
895 1787 925 1816 5.
952 1783 1030 1815 Mox
1052 1784 1187 1816 redeunt
1210 1783 1386 1816 Viterbium

278 1831 328 1863 Ab
353 1830 481 1862 Oriente
503 1830 627 1870 gemini,
953 1831 1068 1863 Sancto
1097 1831 1212 1869 repleti
1236 1830 1372 1871 flamine,

275 1877 535 1911 Perambulantes
560 1877 706 1909 Tusciam
955 1877 1067 1909 Verbis
1092 1881 1238 1917 torquent
1262 1878 1459 1911 Demetrium

275 1927 401 1958 Intrant
422 1924 533 1956 urbem
557 1924 702 1958 Viterbii.
952 1925 1067 1957 Sancto
1091 1926 1254 1964 loquentes
1279 1925 1405 1958 famine.

243 2009 250 2016 ,
275 1981 420 2022 Degebat
442 1981 495 2012 hic
517 1981 697 2013 Demetrius
897 1983 927 2014 6.
954 1982 990 2013 ln
1012 1984 1109 2020 ponte
1135 1980 1314 2014 Camillario

276 2028 400 2060 Sanctis
424 2037 540 2067 parans
564 2028 730 2068 supplicia,
950 2028 1141 2060 Mutilantur
1165 2029 1332 2068 capitibuS,

275 2076 449 2108 Proconsul
471 2075 685 2115 iniquissimus
951 2076 987 2107 In
1018 2075 1147 2107 coelesti
1171 2076 1290 2115 palatio

275 2123 389 2162 Iniqua
412 2121 477 2154 fert
498 2122 629 2162 judicia.
955 2123 1078 2156 Sanctis
1101 2124 1275 2163 junguntur
1300 2123 1452 2156 coetibus.

579 2180 610 2213 7.
636 2180 699 2211 Pro
724 2178 883 2218 triumpho
908 2182 973 2211 tam
996 2179 1114 2223 inclito,

636 2227 699 2259 Pro
723 2229 789 2258 tam
811 2236 925 2267 magna
949 2226 1084 2258 victoria

636 2275 737 2317 Patri,
762 2275 847 2314 nato,
873 2274 1027 2314 paraclito

636 2321 690 2353 Sit
711 2321 905 2360 sempiterna
927 2321 1037 2361 gloria.

296 2387 364 2416 Cod.
383 2386 574 2415 Vallicellan.
595 2387 620 2415 G
640 2386 685 2414 77.
706 2395 780 2414 saec.
803 2385 845 2413 17.
866 2403 903 2407 Ἦ
925 2387 1121 2423 Bearbeitung
1140 2387 1191 2414 sed
1210 2389 1341 2424 vorigen.
