1651 2621
664 107 924 142 —226—

435 210 465 242 4.
494 208 606 240 Cumas
632 208 679 237 est
702 204 815 235 missus
840 201 947 241 ibique
970 202 1116 240 receptus

489 255 534 286 Et
560 252 624 285 fide
647 261 726 292 pura
751 248 853 282 factus
877 247 1080 288 protoscriba

490 300 606 333 Christi
630 299 734 331 fidelis
756 295 914 337 praesulis
937 294 1056 327 Felicis

535 350 640 387 Atque
669 346 798 386 collega.

432 437 464 468 5.
490 434 555 465 Iste
578 435 651 472 post
673 431 763 462 illum
788 430 882 469 <ligne
906 426 1121 467 praesulatum

491 480 636 512 Servavit
660 487 734 511 vere
759 485 855 516 opere
878 476 1009 513 nitente,

492 527 622 560 Praesul
646 528 774 559 vocatus
799 525 971 563 pastorque
994 521 1105 552 beatus

539 573 583 606 Et
607 575 711 605 rectus
738 574 853 604 eustos.

436 662 467 693 ὃ.
495 659 648 691 Canamus
674 656 777 688 cuncti
801 663 920 687 summo
946 651 1080 694 genitori

495 705 644 744 Gloriam,
670 706 744 736 nato
767 701 949 741 flaminique
972 702 1091 736 sancto,

496 752 644 785 Personis
667 751 778 793 trinus,
806 751 925 782 deitate
947 756 1029 780 unus

544 799 627 832 Vere
651 798 705 839 qui
727 800 842 830 manet.

235 906 319 934 Brev.
338 912 391 931 ms.
412 903 628 930 Novocomense
651 902 720 928 anni
742 897 822 927 1420.
863 898 931 926 Cocl.
953 898 1041 926 Univ.
1063 896 1225 924 Bononien.
1247 894 1368 922 Mezzof.
1390 890 1455 920 339.

593 1067 658 1098 383.
687 1067 729 1097 De
750 1067 855 1098 saneto
875 1064 1017 1096 Pronino.

400 1158 430 1189 1.
456 1156 501 1188 Ut
524 1159 579 1187 tua
601 1156 655 1194 pia
678 1155 757 1186 mire
781 1162 892 1193 queam
916 1156 1005 1194 gesta

457 1203 579 1242 Organo
603 1201 688 1234 vocis
712 1202 857 1233 intonare
883 1200 1013 1242 cunctis,

453 1250 554 1282 Beata
579 1249 677 1287 deme,
703 1248 837 1288 gratiam
860 1246 1002 1287 infunde,

504 1296 638 1328 Pronine
663 1294 748 1328 felix.
1015 1324 1039 1345 ,μ

401 1383 431 1413 2.
456 1381 490 1414 Is
512 1381 545 1412 in
571 1383 673 1412 aetate
697 1380 815 1412 Christi
836 1379 933 1412 fidem
955 1380 1021 1412 late

459 1427 538 1466 Ejus
561 1427 684 1460 inauxit
707 1436 745 1459 ac
768 1427 861 1467 plura
884 1426 1008 1467 peregit

461 1474 593 1507 Florida
614 1475 704 1514 mira,
729 1483 917 1514 quamquam
938 1475 1001 1506 sint
1023 1474 1181 1514 inscripta

505 1521 623 1553 Molem
651 1520 689 1553 ob
714 1520 810 1554 urbis.

408 1607 439 1639 3.
465 1606 524 1645 Qui
547 1608 619 1645 post
643 1606 798 1645 quandam
824 1608 1008 1638 vetustatem
1033 1606 1134 1637 latens

461 1652 499 1685 In
522 1653 639 1691 templo
664 1653 765 1684 sancti
790 1652 931 1692 Gervast,
957 1654 1092 1692 Protasi‚

462 1699 525 1731 Ubi
550 1700 691 1738 sepultus
715 1698 784 1741 fuit,
810 1700 885 1731 hinc
909 1700 1081 1732 translatus

508 1747 546 1778 In
569 1746 678 1778 urbem
701 1746 824 1781 Cumas,

403 1831 434 1863 4.
462 1829 584 1862 Guerra
608 1833 759 1870 regnante
782 1839 943 1870 nuperque
967 1829 1110 1863 fervente

463 1876 583 1917 Corpus
608 1877 732 1909 beatum
760 1878 825 1917 ejus
849 1880 897 1910 est
919 1878 1067 1919 locatum,

463 1923 528 1956 Ubi
553 1926 601 1955 est
627 1933 745 1964 cursus,
768 1926 859 1965 juxta
884 1926 986 1965 ripam
1010 1926 1097 1958 lacus

509 1971 554 2003 Et
576 1971 622 2002 ibi
646 1973 740 2011 viget.

409 2057 439 2090 5.
468 2056 622 2088 Ganamus
648 2057 751 2088 cuncti
775 2065 894 2089 summo
918 2058 1053 2097 genitori

467 2102 618 2142 Gloriam,
644 2106 719 2135 nato
742 2102 924 2144 flaminique
947 2108 1066 2145 sancto,

464 2150 613 2183 Personis
638 2151 750 2191 trinus,
778 2151 895 2183 deitate
918 2161 997 2184 unus

513 2197 596 2229 Vere
619 2199 674 2238 qui
696 2201 812 2232 manet.

248 2300 332 2326 BreV.
352 2308 404 2327 mS.
417 2300 634 2329 Novocomense
653 2303 724 2330 anni
743 2299 826 2331 1420.
858 2302 928 2331 God.
940 2303 1030 2331 Univ.
1044 2305 1206 2333 Bononien.
1219 2306 1341 2335 Mezzof.
1357 2305 1422 2336 339.
1440 2323 1475 2327 -

172 2334 207 2370 2,
236 2335 250 2364 1
277 2336 364 2365 fidem
381 2337 479 2366 latere,
499 2353 536 2358 —
556 2337 589 2373 3,
618 2339 632 2368 1
649 2340 722 2368 fehlt
742 2343 807 2369 eine
825 2340 907 2369 Silbe
925 2342 986 2369 und
1005 2342 1055 2370 der
1075 2344 1281 2372 Binnenreim·
1309 2345 1415 2374 latans.
1437 2363 1475 2367 -

169 2371 198 2409 3,
220 2372 237 2401 2
255 2374 291 2402 In
309 2374 389 2402 fehlt.
413 2391 448 2394 —
467 2373 493 2410 3,
516 2374 534 2404 3
553 2378 614 2413 Ibi;
635 2378 712 2406 hine.
1270 2366 1279 2381 ²
