1651 2621
678 124 936 160 2159—

539 223 571 256 5.
597 223 693 263 Laus,
722 222 817 255 decus
844 225 876 254 et
899 223 1066 263 imperium

596 270 751 311 Supremo
776 269 819 302 sit
844 270 968 310 artifici,

593 318 772 351 Roboranti
794 318 1002 351 Laurentium

595 368 635 399 In
659 374 760 407 agone
784 366 963 407 multiplici.

221 431 308 459 Brev.
328 440 382 459 ms.
403 431 433 460 S.
455 433 611 461 Laurentii
629 431 779 461 Uleiensis
799 440 875 460 saec.
897 429 941 460 15.
982 431 1052 460 Cod.
1072 431 1229 459 Taurinen.
1249 429 1343 458 Palae.
1365 426 1410 456 11.

572 553 638 586 268.
668 553 712 585 De
732 554 839 585 sancto
860 552 1039 584 Laurentio.

672 619 721 650 Ad
739 620 931 651 Nocturnum.

154 690 186 723 1.
214 689 287 722 Diri
310 691 449 722 tortores
475 689 596 722 feriunt
836 692 869 724 3.
896 690 956 730 Qui
981 689 1078 722 dixit:
1103 690 1138 721 in
1160 697 1211 720 me
1227 687 1361 728 respice,

209 737 357 770 Levitam
379 737 461 777 jussi
485 738 626 778 graviter
894 737 1041 778 Domine,
1067 740 1100 769 te
1125 735 1286 769 confessus
1312 743 1391 778 sum,

209 784 374 823 Fustibus,
399 793 460 817 nec
484 784 658 827 sufficiunt,
896 784 1010 819 Refert
1033 785 1149 824 impius
1173 784 1332 824 magicae:

208 833 291 872 Quos
314 834 421 873 arguit
445 833 605 865 alacriter.
895 833 947 865 Ab
971 834 1034 865 isto
1057 841 1150 873 mago
1174 833 1277 863 victus
1301 838 1381 862 sum.

151 891 182 924 2.
209 890 362 922 Laminas
387 890 466 922 ferri
493 890 623 931 capiunt
836 892 868 924 4.
894 889 1071 923 Plumbatis
1099 888 1217 923 Christi
1241 886 1351 919 militis

210 938 289 978 Igne
315 938 486 970 candentes
512 936 649 978 fortiter,
894 937 1000 969 Renes
1026 939 1056 969 et
1079 937 1163 968 latus
1186 936 1339 975 lacerant,

209 985 380 1017 Lateribus
406 985 572 1027 adjiciunt,
896 984 988 1017 Saxis
1013 984 1055 1016 ad
1077 984 1137 1016 hoc
1162 982 1310 1023 expolitis

208 1032 369 1074 Mergunt,
397 1033 513 1065 ardent
540 1034 702 1067 atrociter.
897 1032 938 1065 Os
965 1031 1069 1063 eidem
1096 1031 1281 1063 dilacerant.

564 1090 662 1132 Laus,
689 1090 785 1122 decus
811 1092 843 1121 et
866 1089 1043 1129 imperium.

226 1153 312 1182 BreV.
333 1162 387 1182 ms.
406 1153 547 1182 Ulciense
566 1163 642 1182 saec.
665 1152 708 1182 15.
753 1155 822 1183 Cod.
844 1154 1002 1182 Tam-men.
1022 1153 1117 1181 Palat.
1139 1151 1184 1180 11.

569 1264 635 1297 269.
665 1266 709 1297 De
728 1266 837 1297 saneto
857 1264 1040 1297 Laurentio.

709 1333 758 1362 Ad
776 1332 904 1363 Laudes.

151 1402 180 1435 1.
209 1403 256 1436 Ut
278 1404 385 1434 mente
409 1402 467 1435 fiat
491 1402 639 1443 pavidUS,
839 1404 869 1436 3.
899 1402 998 1442 Gyra,
1023 1403 1051 1433 si
1075 1401 1123 1434 vis
1150 1401 1327 1441 comedere,

212 1450 347 1482 Ducitur
372 1451 469 1484 cratis
494 1449 610 1492 ferrea,
894 1450 931 1482 In
955 1458 1005 1481 me
1030 1450 1191 1488 complens
1215 1449 1379 1490 martyria,

210 1497 280 1530 Nec
305 1496 457 1530 facinoris
482 1498 595 1530 avidus
896 1497 988 1529 Dixit
1011 1497 1134 1537 repleto
1159 1497 1281 1528 scelere

209 1545 394 1579 Stramenta
419 1544 529 1578 differt
550 1546 653 1585 ignea.
895 1544 1036 1577 Effectus
1062 1544 1182 1576 Christi
1206 1543 1321 1578 hostia.

151 1604 181 1636 2.
209 1603 247 1634 In
275 1606 362 1635 crate
387 1604 533 1634 sternunt
557 1604 731 1643 martyrem
836 1603 867 1635 4.
894 1602 990 1644 Laus,
1018 1602 1114 1633 decus
1140 1603 1173 1632 et
1195 1601 1366 1640 imperium

206 1650 313 1690 impio
334 1651 424 1691 J'ussu
449 1650 619 1690 praesidis,
894 1650 1049 1689 Supremo
1073 1650 1116 1680 sit
1140 1647 1265 1689 artifici,

211 1697 330 1730 Subtus
354 1697 527 1738 perflantes
553 1698 687 1730 celerem
893 1697 1070 1730 Roboranti
1093 1695 1302 1729 Laurentium

209 1745 386 1778 Flammam
410 1746 492 1787 ignis
517 1755 581 1778 non
608 1745 737 1778 desidis,
893 1745 931 1777 In
956 1754 1056 1785 agone
1081 1744 1260 1785 multiplici.

225 1812 310 1840 Brev.
331 1820 385 1839 ms.
405 1811 545 1840 Uleiense
564 1819 641 1839 saec.
664 1809 708 1838 15.
749 1810 819 1839 God.
839 1811 999 1839 Taurinen.
1018 1810 1114 1838 Palat.
1139 1808 1183 1838 11.

397 1923 464 1954 270.
494 1922 537 1955 De
558 1931 583 1954 s.
603 1921 774 1954 Laurentio
794 1921 985 1961 Presbytero
1007 1922 1040 1954 et
1058 1922 1212 1962 Martyre-

693 2000 742 2030 Ad
760 1999 917 2039 Vesperas.

149 2074 180 2107 1.
207 2073 238 2106 A
263 2071 410 2116 partibus
435 2070 577 2105 occidius
834 2072 864 2105 3.
893 2070 1047 2104 Certabat
1070 2070 1162 2111 plebs
1188 2071 1365 2110 incredula,

205 2121 341 2155 Sanctus
366 2121 454 2153 venit
475 2119 679 2159 Laurentius,
893 2119 1036 2159 Antiqua
1058 2121 1149 2159 peste
1174 2119 1293 2161 saucia,

205 2170 333 2203 Docere
353 2168 417 2202 Dei
441 2168 577 2209 gratiam
893 2166 1039 2200 Malebat
1063 2175 1133 2199 esse
1156 2168 1328 2208 perditam,

202 2218 397 2252 Habitantes
421 2215 606 2250 Novariam.
892 2215 991 2255 Quam
1018 2224 1089 2248 esse
1113 2214 1240 2248 Christo
1266 2215 1437 2250 redditam.

145 2278 176 2309 2.
203 2274 319 2316 Ibique
345 2275 455 2306 delens
480 2273 576 2314 idola,
833 2275 865 2306 4.
892 2272 1040 2305 Instabat
1063 2281 1154 2305 sacer
1178 2276 1308 2305 strenue

205 2322 372 2363 Baptismo
396 2323 508 2354 lavans
535 2330 678 2363 corpora,
892 2320 1021 2353 Vellens
1047 2322 1134 2353 virus
1159 2321 1198 2354 ab
1224 2322 1360 2362 homine,

202 2371 330 2404 Mentes
355 2369 482 2410 rigabat
505 2368 654 2402 fiuctibus
894 2369 1040 2402 Sectator
1066 2370 1116 2403 vir
1137 2370 1292 2410 justitiae,

202 2418 330 2452 Divinis
357 2420 390 2450 et
414 2417 614 2451 coelestibus,
890 2416 1009 2449 Volens
1036 2426 1088 2451 eos
1113 2418 1288 2459 acquirere.
