1651 2621
710 133 973 169 —257—

180 230 210 264 3.
239 229 368 271 Sprevit
382 231 546 271 mundum,
563 232 601 263 ut
612 240 648 263 se
660 232 812 264 mundum
873 234 906 266 6,
932 231 1138 265 Coenobitam
1161 231 1235 265 finit
1257 232 1355 265 vitam

287 277 424 310 Offerret
448 277 508 310 tibi
534 278 685 320 villicum,
978 280 1143 312 Mantuam
1166 281 1258 320 juxta
1283 280 1398 316 sobrio,

239 326 298 359 Cui
329 325 416 357 cedis
440 326 547 359 locum
572 327 668 371 sedis,
932 329 1029 369 Quem
1047 328 1087 360 ad
1105 327 1232 369 plenam
1252 336 1344 361 vocas
1359 336 1498 368 coenam,

285 373 813 414 Deus,tuoru1nmilitum,
978 376 1290 409 SummaeDeus
1315 377 1498 408 clemen-

1271 427 1285 455 t
1293 423 1303 454 i
1311 433 1330 456 a
1340 433 1366 457 e.

183 489 216 522 4.
244 488 339 522 Cibas
366 497 469 532 cervo,
497 498 575 529 quos
602 499 673 522 eum
697 499 790 523 servo
873 493 904 524 7,
932 491 996 524 Ubi
1027 500 1099 523 caro
1125 492 1240 531 pausat
1265 499 1337 522 caro

289 536 383 569 Nivis
408 538 508 569 moles
533 538 769 577 praemaximae
978 538 1062 571 Saxo
1089 541 1234 570 contecta
1258 539 1401 578 uocemue,

240 585 291 617 Ao
315 585 460 625 procella
486 585 608 618 claudit
633 586 723 627 cella,
931 586 1027 618 Hune
1052 586 1093 618 ad
1118 587 1221 618 locum
1246 589 1334 618 tuum
1362 589 1464 619 totum

287 632 464 664 Aeterne
497 641 564 665 rex
602 633 812 667 altissime.
978 633 1102 674 Veni,
1148 636 1321 666 creator
1364 635 1498 673 spiri-

1269 684 1345 716 tus.

181 748 212 781 5.
239 747 387 779 Fratrem
414 748 539 787 lapsum
565 748 631 781 vita
657 756 781 781 cassum
872 751 903 784 8.
931 750 1019 788 Rege
1044 756 1164 788 servos,
1188 756 1228 780 ne
1255 750 1422 788 protervos

286 794 468 828 Deductum
490 797 557 836 ‚iam
583 796 625 828 ad
650 798 774 828 tartara
978 797 1079 829 Actus
1105 796 1262 835 serpentis
1289 796 1398 828 callidi

241 842 310 875 Sibi
336 843 433 885 cedis,
461 846 534 883 post
560 843 708 876 concedis
930 844 1176 884 Prosequantur,
1203 843 1260 876 sed
1285 846 1457 884 pascantur

285 891 479 923 Aeterna
519 891 687 923 Christi
727 900 811 923 mu-
977 892 1039 924 Ad
1074 900 1243 923 coenam
1277 892 1372 930 agni
1398 900 1497 930 pro-

578 948 600 970 n
610 948 628 970 e
636 949 653 971 r
661 948 690 972 a.
1270 949 1289 971 v
1299 938 1310 969 i
1322 939 1342 970 d
1351 939 1372 972 i.

551 1007 582 1039 9.
609 1005 684 1038 Tibi
706 1006 817 1038 laudes
843 1007 878 1037 ut
903 1014 1081 1045 conserves,

653 1054 807 1086 Perennis
833 1053 889 1085 lux
915 1056 946 1084 et
970 1053 1098 1091 veritas,

607 1100 659 1133 Da
682 1101 736 1132 hie
759 1101 865 1133 salves
892 1103 923 1133 et
947 1100 1114 1141 gubernes,

652 1149 677 1182 O
702 1148 774 1180 lux
799 1149 925 1180 beata
945 1148 1138 1181 trinitas

255 1233 340 1261 Brev.
367 1242 420 1261 ms.
444 1232 635 1261 Padolirense
659 1241 735 1262 saec.
758 1230 802 1260 15.
844 1231 912 1260 Cod¹
936 1232 1070 1260 Vatican.
1096 1232 1232 1260 Ottobon.
1260 1229 1325 1258 671.
1352 1244 1388 1250 ——
1418 1229 1450 1267 9,
1476 1228 1493 1256 2

180 1272 328 1300 Perennes
348 1272 428 1299 lucet
446 1273 566 1299 veritas.

446 1419 514 1452 433.
546 1419 590 1452 De
610 1428 650 1452 ss.
671 1420 828 1459 solutore,
848 1420 1027 1451 Adveniore
1048 1420 1079 1451 et
1099 1419 1235 1451 Octavio.

687 1498 723 1527 In
741 1497 832 1536 Vesp.
855 1501 884 1528 et
901 1497 989 1528 Noet.

178 1579 211 1612 1.
238 1576 364 1611 Refecti
388 1578 451 1611 Dei
476 1587 606 1610 munere
870 1580 901 1612 5.
924 1578 1094 1610 Florentes
1121 1577 1203 1609 enim
1230 1577 1345 1608 clarius

234 1628 397 1667 Hymnum
428 1634 576 1658 canamus
602 1625 714 1657 sedule

234 1675 271 1707 In
298 1675 416 1706 talibus
442 1674 648 1714 martyribus,

232 1722 311 1754 Eois
337 1722 455 1756 adsunt
478 1722 636 1762 partibus.

176 1791 208 1823 2.
234 1791 402 1822 Adventor
426 1791 458 1821 et
483 1789 644 1833 Octavius,

238 1837 377 1877 Solum,
403 1840 528 1878 martyr
551 1837 691 1877 malim,

239 1885 399 1918 Germano
421 1887 525 1926 juncti
549 1884 682 1918 foedere

235 1933 307 1966 Uno
333 1933 463 1966 fuerunt
488 1942 595 1974 opere.

173 2003 205 2037 3.
231 2001 341 2034 Armis
371 2001 493 2033 strenui
519 2001 654 2041 bellicis,

231 2049 342 2082 Rebus
368 2050 453 2082 auoti
480 2049 646 2081 catholicis

231 2098 284 2130 Ad
313 2097 423 2130 Gallos
450 2106 503 2130 eos
529 2098 611 2138 legio

231 2146 350 2180 Sancta
377 2146 469 2180 duxit
493 2145 665 2178 Thebaeio.

196 2240 203 2247 .
230 2215 276 2246 At
299 2213 354 2245 ubi
382 2222 476 2246 caesa
499 2213 593 2256 legio,

228 2262 287 2294 Isti
316 2264 484 2294 currerunt
510 2260 586 2303 otio,

228 2310 459 2349 Pugnaverunt
485 2318 554 2341 cum
579 2308 695 2350 gaudio

229 2357 421 2390 Taurinensi
446 2358 481 2388 in
505 2358 636 2397 populo,

245 2441 328 2471 Offio.
349 2449 402 2468 ms.
424 2441 454 2468 S.
476 2441 623 2470 Solutoris
645 2449 720 2469 saec.
743 2438 788 2468 15.

221 2494 347 2522 Dreves,
362 2492 450 2521 Hymni
464 2491 561 2516 Inediti.

927 1626 1095 1657 Adventor
1121 1627 1151 1656 et
1178 1625 1327 1657 Octavius

928 1673 1068 1705 Taurino
1095 1670 1164 1704 fuso
1190 1673 1341 1712 sanguine

929 1721 1000 1753 Poli
1023 1720 1165 1761 gaudent
1187 1721 1222 1752 in
1246 1721 1384 1755 aethere.

891 1815 898 1822 .
927 1788 1055 1821 Solutor
1080 1796 1155 1820 vero
1180 1787 1294 1819 merito

926 1836 1001 1868 Alio
1026 1839 1164 1874 punctus
1190 1835 1296 1875 gladio

927 1883 1018 1917 Coeli
1042 1882 1189 1915 adhaesit
1213 1882 1304 1922 solio,

926 1932 1080 1963 Laetatur
1106 1939 1175 1963 curn
1201 1929 1352 1969 tripudio.

893 2025 899 2030 .
929 1999 1055 2031 Christe
1079 1998 1186 2038 itaque
1211 1997 1356 2041 Domine,

926 2047 994 2079 Nos
1021 2047 1139 2086 adjuva
1165 2045 1292 2076 assidue

924 2095 1106 2135 Martyrum
1132 2094 1243 2125 horum
1269 2093 1418 2133 precibus

926 2142 1114 2174 Liberemur
1139 2140 1178 2173 ab
1205 2141 1360 2173 hostibus.

892 2237 897 2243 .
925 2209 974 2241 Sit
999 2209 1133 2250 genitori
1160 2208 1264 2247 gloria

925 2257 1103 2297 Genitoque
1128 2265 1186 2298 per
1211 2257 1338 2288 saecula

926 2305 1054 2337 Viventi
1078 2307 1174 2344 atque
1198 2302 1319 2336 flamini

924 2353 1036 2386 Honor
1060 2361 1141 2384 unus
1167 2360 1237 2384 eum
1262 2352 1420 2392 patribw¹

831 2437 901 2467 Cod.
921 2438 1081 2467 Taunum.
1103 2437 1122 2465 J
1142 2438 1157 2466 1
1178 2434 1205 2465 3.

1291 2474 1325 2504 17
