1651 2621
723 138 979 173 -144-

466 237 498 269 4.
522 235 607 267 Actu
632 234 791 273 angelicus
816 233 975 267 Johannes
998 227 1146 266 cernitur,

524 282 621 314 Totus
646 280 851 320 propheticus
877 277 981 311 verbis
1007 274 1193 313 ostenditur,

522 328 582 360 Vir
606 327 798 367 apostolicus
823 327 889 359 vita
913 320 1140 364 praenoscitur,

569 375 664 407 Miles
688 374 750 406 Dei
776 373 957 406 catholicus.

464 434 495 464 5.
522 431 640 463 Notum
665 429 703 462 fit
727 430 872 470 gentibus
899 426 1000 459 sancti
1024 424 1227 465 praeconium

522 479 584 510 Pro
607 477 817 512 mirabilibus,
843 476 929 508 unde
954 472 1118 511 collegium

520 524 576 556 Fit
600 524 666 563 ers
691 524 850 563 precibus,
876 522 996 562 primus
1021 518 1073 550 hic
1098 517 1236 550 onmium

566 572 663 603 Pater
689 569 749 602 fuit
772 571 805 602 in
831 568 984 601 omnibus.

462 629 492 660 6.
521 627 593 658 Non
618 626 711 658 ardet
734 625 869 657 famulus
894 625 927 656 in
951 623 1032 663 ignis
1056 622 1162 654 medio

519 674 666 712 Humilis,
692 674 820 704 sedulus
844 671 945 712 patris
970 669 1127 709 suffragio,

520 720 565 752 Et
589 720 716 759 quidam
742 720 885 751 servulus
910 717 1008 749 evasit
1033 717 1129 749 fluvio

566 767 669 805 Hujus
692 767 794 805 patris
821 765 1002 805 discipulus.

462 825 491 855 7.
519 823 651 854 Eminus
677 823 830 862 conspicit
855 830 944 853 suum
968 821 1021 852 hic
1047 820 1176 857 obitum,

520 870 612 902 Filiis
638 869 750 908 adjicit
773 869 884 901 salutis
907 868 1070 907 monitum²

519 917 675 956 Angelum
700 917 833 956 respicit
856 916 974 948 virtute
998 915 1179 954 praeditum

569 964 668 1003 Tunc,
695 971 764 994 cum
790 963 927 1003 migrare
950 961 1086 1002 perficit.

462 1022 494 1054 8.
522 1020 586 1051 Sua
610 1019 756 1058 prodigia
781 1020 850 1059 quis
875 1020 984 1058 posset
1006 1026 1154 1057 promere

516 1068 566 1098 Ac
590 1065 744 1098 beneficia
769 1067 837 1106 quis
862 1064 1112 1106 recognoscere?

516 1113 587 1145 Stat
610 1122 669 1153 pro
695 1111 816 1144 familia
842 1112 948 1144 divino
973 1120 1102 1144 munere

565 1161 718 1199 Princeps
743 1161 778 1191 in
802 1161 876 1191 aula
898 1159 995 1199 regia.

462 1219 492 1250 9.
520 1217 616 1248 Pater
642 1216 693 1247 hic
718 1216 852 1248 coelicus
877 1224 1012 1255 regnans
1036 1215 1070 1246 in
1094 1216 1202 1255 patria

519 1264 618 1295 Totus
646 1262 774 1295 deificus
798 1263 867 1295 Deo
894 1263 949 1295 det
972 1262 1088 1302 gaudia

519 1311 627 1349 Trino,
654 1310 707 1349 qui
733 1311 842 1342 unicus
867 1312 915 1341 est
938 1310 971 1341 in
997 1309 1183 1348 substantia,

565 1357 652 1390 Deus
676 1366 779 1398 verus,
804 1356 965 1390 mirificus.

275 1423 358 1450 Brev.
381 1432 432 1451 ms.
446 1423 722 1450 Vallumhrosanum
742 1431 825 1450 saec..
847 1420 890 1449 15.
911 1423 951 1449 in.
974 1422 1043 1449 (¹0d.
1056 1421 1220 1450 Londinen.
1236 1423 1323 1450 Burn-
1337 1419 1402 1450 333.
1416 1423 1450 1450 A.
1465 1437 1502 1441 —-

200 1461 284 1488 Brev.
305 1469 357 1487 ms.
377 1459 651 1488 Vallumbrosanum
672 1468 746 1487 saec.
771 1459 813 1487 15.
855 1460 923 1488 Coa.
943 1460 1122 1488 Trivulzian.
1145 1458 1208 1488 265.
1231 1460 1264 1487 B.
1285 1475 1324 1479 —
1343 1460 1430 1487 Brev.
1449 1469 1502 1488 ms.

203 1499 230 1525 S.
256 1498 349 1526 Salvii
364 1498 525 1526 Florentini
546 1506 620 1525 saec.
643 1496 686 1525 15.
721 1497 790 1526 Cod.
805 1498 989 1525 Riccardian.
1010 1495 1073 1525 372.
1089 1498 1120 1526 C.
1135 1513 1172 1517 —
1195 1499 1280 1526 Brev.
1294 1507 1348 1526 ms.
1363 1498 1393 1526 S.
1406 1498 1504 1526 Trini-

201 1538 270 1563 tatis
295 1536 327 1562 in
349 1536 473 1572 Alpibus
501 1537 569 1563 anni
596 1534 677 1563 1455.
714 1535 782 1563 Cod.
803 1536 992 1563 Laurentian.
1015 1535 1105 1563 Conv.
1133 1545 1196 1572 sup.
1217 1534 1281 1563 215.
1301 1537 1338 1563 D.
1361 1551 1396 1556 --
1416 1537 1503 1565 Brev.

201 1573 475 1601 Vallumbrosanum
495 1575 564 1609 imp.
587 1582 609 1601 s.
629 1574 650 1600 1.
674 1576 703 1601 et
723 1581 748 1601 a.
770 1574 806 1601 E.

586 1712 653 1742 242.
683 1712 726 1742 De
747 1720 770 1743 s.
791 1712 932 1743 Johanne
953 1712 1131 1745 Gualberto.

718 1789 767 1819 Ad
786 1789 977 1819 Nocturnum.

203 1867 234 1899 1.
261 1866 398 1898 Plandat
423 1867 535 1899 chorus
560 1868 740 1907 angelorum
881 1870 912 1903 3.
939 1870 986 1902 Ut
1008 1869 1098 1902 Elias
1123 1870 1334 1910 praedicebat

308 1914 343 1944 In
371 1915 497 1946 coelesti
522 1914 618 1954 curia,
984 1916 1107 1949 Futura
1133 1918 1349 1959 complicibuS„

261 1960 368 1993 Omnis
394 1962 472 1993 ordo
498 1962 683 1993 clericorum
937 1965 984 1998 Ut
1006 1964 1153 1997 Elisaeus
1177 1965 1322 2007 pollebat

307 2007 429 2040 Psallat
451 2008 484 2040 in
507 2008 640 2050 laetitia,
984 2011 1112 2051 Duplex
1137 2013 1391 2053 prophetalibUS‚

259 2054 340 2086 Dum
367 2054 527 2087 Johannes
550 2056 716 2088 beatorum
940 2059 1002 2090 l'ar
1027 2060 1194 2100 prophetis
1220 2060 1395 2092 exsistebat

308 2101 455 2140 Sequitur
479 2103 620 2143 vestigia..
987 2105 1116 2139 Cunctis
1140 2107 1175 2138 in
1198 2107 1381 2142 virtutibus,

206 2161 237 2191 2.
263 2157 425 2197 Sapientia
450 2159 612 2191 doctorum
879 2164 910 2195 4.
936 2162 1186 2194 Firmamentum
1210 2164 1273 2195 iste
1296 2167 1391 2198 ornat

310 2203 476 2237 Cherubim
502 2209 550 2238 est
573 2207 734 2247 mysticus,
985 2209 1101 2241 Mundi
1127 2212 1226 2242 totam
1248 2211 1462 2254 sphaerulam,

262 2252 436 2284 Flammam
463 2254 607 2287 obtinens
633 2254 747 2287 amoris
939 2256 1067 2288 Coelum
1093 2260 1194 2291 totum
1219 2258 1394 2291 readornat

310 2298 410 2331 Verus
434 2299 471 2331 fit
496 2300 696 2343 Seraphicus,
988 2304 1088 2335 Manu
1111 2306 1222 2336 tenens
1248 2306 1412 2346 citharam,

262 2346 407 2379 Candens
431 2347 529 2379 lilium
557 2349 680 2381 decoris
939 2350 1056 2381 Stellas
1083 2360 1155 2383 suas
1181 2361 1215 2384 se
1241 2352 1395 2387 reformat

309 2392 434 2425 Dicitur
458 2396 627 2434 angelicus.
989 2397 1136 2437 Pugnans
1163 2404 1274 2432 contra
1299 2401 1449 2436 sisaram.
