1651 2621
730 121 982 156 —274—

200 219 231 250 5.
258 218 283 251 Ο
309 218 402 251 beate
422 219 623 260 Vuodorlicc,
877 220 908 253 6.
932 218 1076 251 Genitori
1106 220 1275 260 genitoque

303 266 424 298 Humili
452 267 633 307 precamine
981 266 1066 299 Laus
1093 270 1124 298 et
1145 267 1306 308 Jubilatio,

257 313 357 345 Nobis
383 315 469 346 adsis
492 314 525 346 in
551 314 611 347 hac
635 315 710 356 vita,
937 313 1037 351 Salus,
1064 314 1174 354 honor,
1203 315 1303 347 virtus
1329 324 1454 356 quoque

303 361 371 393 Tuo
397 362 577 394 exoramine
983 362 1031 394 Sit
1056 366 1088 394 et
1112 362 1305 406 benedictio,

255 408 301 441 Ut
324 417 394 440 cum
420 409 538 441 Christi
562 410 715 450 genitrice
936 410 1127 442 Procedenti
1153 410 1192 442 ab
1217 415 1352 451 utroque

301 456 482 488 Mercamur
505 457 620 490 vivere.
984 457 1120 498 Compar
1144 458 1186 489 sit
1208 458 1361 494 laudatio.

271 549 356 576 Brev.
382 558 435 577 ms.
463 549 641 578 Civitatense
671 559 746 579 saec.
778 549 820 579 15.
867 551 936 580 Cod.
963 552 1106 579 Mar-aian.
1137 552 1162 579 L
1187 553 1203 580 1
1230 550 1276 580 85.
1302 568 1340 572 —
1367 551 1398 588 2,
1426 552 1443 582 6
1468 554 1500 581 fu

196 586 300 622 gloria.
321 603 358 607 —
378 585 404 621 3,
427 585 445 614 5
464 588 496 614 in
519 588 647 615 robusta.
668 604 705 608 —
724 587 751 622 4,
776 588 793 618 6
812 589 847 617 Id
867 589 912 617 ad.

627 735 693 767 463.
726 736 771 767 De
789 738 900 768 sancta
920 738 1043 769 Ursnla.

479 804 509 837 1.
533 804 653 844 Fulgor
677 805 847 845 adspectus
870 807 992 847 placuit
1017 808 1155 841 virorum

535 852 675 893 Visibus,
707 854 821 885 mentis
848 854 944 886 decor
967 858 1002 887 at
1025 856 1171 895 supernis

537 898 675 931 Ursulae
698 900 820 942 turmis,
847 902 959 934 merito
982 903 1121 942 potentis

586 945 711 978 Nobilis
737 950 836 980 ortus.

483 1032 512 1063 2.
539 1029 693 1062 Luctibus
717 1032 820 1072 patris
840 1033 915 1064 tulit.
938 1033 1018 1065 haec
1038 1034 1198 1077 juvamen,

535 1077 607 1110 Non
632 1079 746 1111 timens
771 1080 855 1119 regis
880 1079 980 1112 furias
1005 1082 1129 1125 caduci,

536 1125 621 1157 Nixa
645 1126 757 1159 virtuti
780 1126 910 1160 Domini
934 1129 1074 1168 potentis

582 1173 679 1214 Virgo
703 1174 828 1213 pudica.

481 1259 511 1290 3.
540 1257 709 1297 Quaeritur
734 1268 859 1299 sponso,
886 1261 986 1292 trahit
1009 1262 1067 1293 illa
1092 1271 1251 1302 sponsum,

537 1305 683 1346 Dumque
707 1316 741 1338 se
765 1306 898 1347 profert,
925 1309 1027 1341 socias
1052 1310 1196 1353 requirit,

536 1355 699 1394 Aggregat
722 1353 804 1387 festo
831 1356 949 1388 celeres
974 1357 1137 1389 ministros

583 1400 684 1433 Laeta
709 1401 825 1436 futuro.

480 1488 512 1519 4.
539 1485 688 1526 Jungitur
712 1496 822 1520 sacrae
848 1490 994 1520 comitum
1022 1491 1145 1523 cohorti

538 1532 683 1565 Sanctior
709 1535 786 1566 cleri
812 1536 946 1568 celebris
972 1540 1109 1577 caterva,

536 1580 678 1612 Advenit
702 1585 829 1622 patrum
855 1584 988 1623 cupidus
1014 1594 1149 1618 coronae

583 1628 738 1668 Fulgidus
765 1630 855 1664 ordo.

483 1714 513 1746 5.
541 1712 686 1745 Summus
712 1713 852 1746 oblatum
878 1715 973 1747 decus
1000 1720 1031 1748 et
1056 1719 1197 1758 resignat

538 1761 661 1799 Pastor,
687 1761 774 1793 haud
800 1763 906 1794 damni
928 1764 1064 1803 pavidus
1090 1766 1231 1808 minoris,

536 1807 698 1840 Dedicans
724 1808 849 1841 Christo
875 1811 1003 1843 comites
1020 1813 1158 1856 lavacro,

583 1855 724 1896 Virginis
749 1856 861 1890 almae.

481 1942 512 1974 6.
538 1941 638 1973 Irruit
663 1942 764 1973 cultro
786 1940 872 1974 ferus
897 1943 1116 1985 interemptor,

538 1988 681 2028 Agminis
706 1989 789 2020 sacri
812 1990 959 2022 madidus
985 2000 1107 2031 cruore,

537 2035 675 2075 Spiritus
701 2036 787 2067 coelo
811 2036 946 2069 subeunt
969 2043 1081 2080 aperto

585 2083 665 2115 Ossa
689 2082 825 2115 Colonis.

482 2169 511 2200 7.
537 2168 624 2208 Ergo
646 2168 809 2208 pulsantes
833 2169 1003 2202 Dominum
1029 2174 1147 2211 rogate,

538 2215 643 2247 Parva
663 2224 723 2255 quo
747 2216 848 2248 virtus
873 2219 994 2250 meritis
1016 2219 1146 2258 juvetur

538 2262 667 2300 Nostra,
694 2262 751 2294 sub
776 2264 898 2304 magnis
922 2265 1044 2305 laqueis
1070 2266 1225 2298 malorum

586 2309 735 2350 Undique
759 2311 872 2343 cincta.

275 2402 490 2439 Martinengius
510 2413 538 2440 p.
563 2402 625 2432 188.
647 2419 684 2423 -
703 2404 856 2433 Vei-fasser
877 2406 918 2433 ist
936 2405 1133 2443 Alphanus
1153 2418 1222 2438 von
1243 2411 1411 2442 Salerno.
