1651 2621
679 130 721 135 -—
772 109 934 145 224—

155 204 185 238 7.
212 204 379 236 Perstabat
404 205 437 236 in
463 204 595 236 ecclesia
831 206 975 239 10,M0x
999 214 1057 245 per
1079 203 1207 236 fullonis
1231 203 1386 244 perticam

212 251 386 284 Flectendo
411 260 536 292 semper
559 261 670 293 genua,
900 253 1046 292 Suscepit
1069 251 1178 283 mortis
1202 251 1345 291 gloriam,

211 300 257 333 Ut
283 300 396 331 callum
421 299 482 331 sibi
503 300 630 340 jugiter,
898 300 1067 332 Percussus
1093 302 1140 331 est
1163 299 1197 330 in
1221 298 1362 338 cerebro,

213 347 319 379 Instar
344 347 456 379 cameli
481 350 647 380 cresceret.
901 347 1091 388 Conjunctus
1117 346 1239 379 Christo
1264 345 1412 379 Domino.

155 405 186 438 8.
212 405 251 436 In
275 402 340 436 fide
365 403 484 436 Christi
507 404 627 444 positus
830 405 885 437 11.
899 405 990 435 Alme
1013 406 1147 444 patrone
1169 401 1300 440 Jacobe,

215 451 390 483 Amabatur
413 450 453 483 ab
479 451 621 483 omnibus
899 451 1031 483 Nostros
1059 454 1164 483 reatus
1192 450 1287 490 dilue,

210 498 375 538 Nocteque
399 499 452 530 <lie
472 498 660 539 praedicans
899 499 952 530 Ad
976 499 1095 529 coelum
1120 506 1229 529 servos
1253 497 1388 529 subleva

212 546 257 577 Et
287 546 400 577 multos
427 544 550 577 Chr1st0
575 554 771 578 consecrans.
899 545 985 577 Dans
1010 545 1100 577 nobis
1126 545 1209 576 vitae
1233 545 1388 584 praemia.

156 603 188 636 9.
216 604 320 641 Supra
347 602 495 642 templum
522 602 751 634 sanctissimum
831 604 885 635 12.
897 602 1054 643 Philippe‚
1080 604 1112 632 te
1138 610 1206 632 cum
1230 600 1351 633 :Iacobo

214 650 341 682 Jussum
365 658 471 681 amore
494 650 645 689 populum
899 649 1116 689 Deprecamur
1140 648 1293 688 apostolo,

211 697 384 731 Judeorum
410 697 538 729 consilio
899 696 946 729 Ut
969 696 1111 736 paradisi
1136 696 1260 736 gaudiis

214 744 369 783 Dejicitur
393 744 569 784 pinnaculo.
901 743 967 775 Nos
989 744 1103 783 jungas
1129 743 1191 775 tuis
1216 743 1350 775 meritis.

471 801 522 833 13.
549 799 603 837 Te,
632 799 764 838 Christe,
790 797 837 831 fili
863 800 1041 839 altithrone,

549 847 770 879 Oollaudamus
796 847 935 885 assidue,

549 894 686 925 Tuorum
711 902 822 932 preces
847 894 973 933 suscipe

548 940 592 971 Et
615 949 671 972 nos
697 940 817 972 colloca
840 941 874 972 in
897 941 1038 974 aethere.

232 1007 339 1041 Hymn.
360 1014 412 1032 ms.
433 1004 644 1040 Neapolitanus
665 1012 738 1033 saec.
760 1003 829 1033 1³ll4.
864 1005 930 1033 Cod.
948 1006 1131 1040 Neapolitan.
1155 1005 1198 1032 VI
1220 1005 1245 1033 G
1264 1003 1310 1032 29.
1331 1019 1368 1024 ——
1387 1004 1413 1040 4,
1437 1003 1456 1032 2

156 1040 473 1118 ξιὲῗέζέῗὲἓᾶξὲιῗιοςῇ
493 1057 530 1061 —
549 1040 576 1076 6,
599 1041 614 1069 1
630 1042 748 1077 jacebat
762 1043 883 1079 ingredi.
897 1057 935 1062 —
947 1041 974 1076 9,
993 1040 1012 1068 2
1021 1043 1176 1077 jerienfalls
1188 1042 1403 1071 verschrieben.
1421 1057 1453 1062 -

591 1189 654 1221 379.
683 1190 727 1220 De
749 1190 854 1221 sancto
873 1190 1014 1221 Proculo.

695 1256 742 1286 Ad
763 1256 918 1293 Vesperas.

165 1330 192 1361 l.
218 1328 378 1368 Hymnum
404 1334 549 1358 canamus
574 1326 702 1365 gloriae,
834 1326 866 1357 4.
892 1323 1038 1357 Membra
1061 1328 1153 1357 sanat
1174 1325 1393 1365 languentium

202 1375 375 1415 'Hymnum
400 1377 529 1406 sanctae
551 1373 729 1412 memoriae,
891 1372 940 1404 Ac
963 1374 1082 1404 mentes
1106 1371 1291 1413 infidelium,

218 1422 376 1462 Hymnum
401 1429 485 1453 nunc
508 1420 568 1452 Dei
591 1420 657 1452 filio
894 1418 995 1456 Quare
1015 1419 1139 1451 Totilae
1164 1420 1270 1451 odium

217 1470 252 1501 In
279 1468 405 1500 Proculi
428 1467 590 1507 martyrio.
892 1466 1006 1498 Mortis
1035 1464 1133 1498 infert
1156 1467 1358 1507 supplicium.

160 1527 190 1557 2.
219 1525 277 1564 Qui
299 1525 432 1557 nominis
456 1523 654 1564 praesagium
837 1524 867 1554 5.
894 1522 969 1554 Post
991 1527 1124 1554 mortem
1149 1526 1181 1554 et
1203 1525 1358 1563 martyria

218 1573 333 1604 Procul
356 1571 490 1603 lucendo
514 1571 626 1610 tenuit,
893 1569 1015 1601 Potitur
1038 1570 1118 1601 coeli
1140 1572 1293 1611 praemia,

217 1619 391 1658 Exemplar
415 1618 640 1658 poenitentium
895 1615 1025 1648 Clausus
1049 1617 1082 1648 in
1105 1619 1147 1655 te,
1173 1617 1326 1657 Bononia,

219 1666 396 1698 Virtutibus
420 1665 555 1698 emicuit.
895 1662 995 1695 Nobis
1022 1663 1077 1695 det
1099 1665 1166 1702 poli
1188 1664 1315 1703 gaudia.

161 1726 192 1757 3.
218 1723 302 1754 Huic
326 1723 434 1755 obedit
459 1721 562 1753 bestia
837 1721 868 1753 6.
894 1719 978 1752 Laus
1008 1719 1092 1758 patri
1116 1723 1148 1751 et
1171 1722 1285 1761 genito,

217 1771 328 1802 Mente
351 1773 472 1801 mutata
497 1768 592 1807 efferi,
895 1766 945 1798 Sit
968 1767 1061 1798 simul
1087 1769 1119 1797 et
1140 1769 1294 1807 paraclito

217 1817 297 1849 Dira
321 1816 410 1858 fugat
435 1816 599 1849 daemonia
894 1813 938 1846 Et
961 1813 1052 1846 nobis
1076 1817 1188 1856 parcat
1212 1815 1306 1847 solito

217 1865 362 1904 Expulsa
382 1865 473 1903 jussu
498 1863 603 1896 celeri.
896 1861 972 1893 Plus
997 1862 1099 1893 sancti
1122 1862 1216 1902 hujus
1241 1864 1362 1895 merito.

233 1931 315 1958 Brev.
336 1937 388 1956 ms.
411 1928 565 1956 Coelestin.
587 1928 746 1955 Bononien.
767 1933 841 1953 saec.
866 1925 909 1953 15.
944 1925 1012 1953 Ood.
1030 1926 1118 1954 Univ.
1132 1927 1294 1955 Bononien.
1315 1925 1400 1955 2275.
1423 1944 1461 1949 -«

159 1967 185 1999 2,
209 1966 223 1995 1
247 1968 410 2004 praesagio.
432 1982 469 1987 —-
489 1964 515 1999 6,
539 1963 554 1993 1
573 1965 653 1992 Laus
673 1963 847 1999 zweisilbig3
870 1964 939 1991 oder
958 1964 1012 1991 lies
1034 1963 1080 1991 Sit
1098 1963 1163 1992 laus
1183 1967 1267 2000 patri.

597 2093 663 2125 380.
694 2094 736 2125 De
761 2093 866 2124 sancto
886 2093 1026 2124 Proculo.

679 2162 727 2191 Ad
746 2161 936 2191 Nocturnum.

163 2237 191 2268 1.
218 2234 336 2266 Solutis
360 2233 428 2266 Deo
453 2232 600 2274 precibus
839 2232 871 2265 2.
897 2230 956 2269 Qui
979 2230 1041 2263 Dei
1061 2232 1152 2271 J'ussu
1175 2232 1305 2265 veniens

217 2282 333 2314 Devoti
357 2281 473 2322 psalmi
497 2280 644 2312 laudibus
897 2278 991 2310 Vitae
1014 2279 1135 2311 semina
1159 2280 1276 2320 attulit,

219 2330 282 2362 Per
306 2329 434 2361 Proculi
458 2328 611 2360 solemnia
898 2324 1016 2359 Christi
1040 2329 1212 2368 praecepta
1236 2329 1375 2369 gestiens

218 2377 312 2409 Nunc
336 2377 429 2408 detur
452 2376 542 2409 nobis
567 2376 668 2408 venia.
895 2374 1034 2414 Implere
1057 2378 1191 2407 mortem
1215 2377 1359 2416 pertulit.
