1651 2621
687 78 923 113 -ssfim

157 173 211 207 11.
226 174 373 215 Erigitta,
400 183 477 214 roga
501 174 664 215 virginem,
837 176 890 209 12.
908 175 991 207 Vera
1015 176 1147 207 aeterna.
1170 175 1282 213 deitaS,

225 222 394 263 virgoque,
419 230 496 261 rogo.
520 222 629 261 filium,
906 223 930 255 O
956 222 1126 255 benedicta
1146 222 1282 258 trinitas,

227 269 272 302 Ut
294 272 366 309 post
393 269 502 301 mundi
529 269 693 309 caliginem
905 269 972 302 Nos
997 270 1068 302 loea
1085 270 1164 302 coeli
1188 267 1316 301 sedibus

228 317 291 348 Det
313 316 405 349 nobis
431 316 511 348 eoeli
537 316 696 357 gaudium.
903 316 1039 349 Sanctae
1062 317 1219 357 Brigittae
1241 312 1400 355 precibus.

229 401 313 428 Brev.
334 409 386 428 ms.
406 400 541 428 Paradisi
564 400 692 428 Floreat.
713 409 787 428 saee.
811 399 853 428 1-3.
875 400 943 428 Cocl.
965 402 1102 429 Laurent.
1125 401 1214 429 Conv.
1237 405 1302 434 sup.
1322 394 1389 425 459-

570 540 625 572 101.
658 540 698 571 Do
720 540 829 571 sancta
847 539 976 580 Bri-gida
994 540 1030 571 V.

692 626 741 656 Ad
761 626 916 664 vesperas.

156 703 188 735 1.
213 703 335 735 Psallat
358 705 467 735 nostra
493 704 628 742 devotio,
833 706 865 737 4.
893 704 993 736 Stella
1014 711 1136 743 serena,
1168 701 1312 741 celebris,

213 750 309 781 Nullo
335 753 496 789 torpescat
519 751 593 790 otio,
892 752 969 783 Orta
992 751 1026 782 in
1051 749 1161 782 mundi
1187 748 1338 789 tenebris,

214 797 252 829 In
277 796 428 837 Brigidae
452 797 611 830 natalibus
893 799 1020 830 Scotiae
1043 798 1166 837 lampas
1191 797 1294 833 unica,

213 844 276 875 Ora
300 844 437 875 resolvat
462 844 619 877 laudibus.
889 845 1029 877 Pulchra
1051 846 1086 876 ut
1112 844 1196 876 mala
1220 843 1345 884 punica.

156 911 186 942 2.
212 909 314 941 Dulce
338 910 436 941 melos
462 918 531 941 eum
555 911 703 943 laudibus
835 913 865 944 5.
892 911 1035 952 Brigida,
1062 918 1121 950 per
1144 913 1177 941 te
1202 910 1310 942 Scotia

214 956 311 996 Vulgi
335 959 427 989 sonet
449 957 481 988 in
508 958 648 997 auribus..
889 957 1016 990 invenit
1039 957 1130 997 pacis
1155 957 1230 997 otia,

210 1004 331 1035 Mentis
357 1003 470 1035 abacto
495 1004 604 1036 nubilo
893 1005 994 1036 Tuum
1020 1006 1115 1035 naeta
1140 1005 1303 1035 eonsilium

211 1050 352 1082 Resonet
374 1060 435 1082 vox
462 1059 530 1082 cum
552 1052 665 1090 jubilo.
894 1051 1050 1091 Cognovit
1067 1050 1129 1083 'Dei
1154 1050 1265 1083 filium.

155 1119 185 1150 3.
212 1116 356 1157 Brigida‚
382 1117 470 1158 virgo
495 1116 622 1160 nobilis,
835 1120 865 1151 6.
894 1118 1025 1156 Turtur,
1051 1117 1187 1149 amatrix
1212 1118 1318 1155 eremi,

214 1164 366 1196 Columna
391 1173 424 1196 es
448 1164 628 1206 immobilis,
893 1165 985 1204 Fuga
1010 1167 1155 1196 catervas
1179 1164 1276 1206 erebi,

216 1211 336 1243 Codrus
362 1212 427 1243 alta
452 1212 646 1251 spectabilis,
895 1212 1027 1243 Adsiste
1050 1211 1289 1251 famulantibus,

214 1258 299 1290 Rosa
323 1259 524 1291 inviolabilis.
894 1259 1011 1291 Turbis
1034 1258 1107 1291 fave
1131 1259 1344 1298 precantibus.

554 1327 585 1358 7.
613 1325 724 1358 Gloria
747 1326 790 1357 sit
813 1325 978 1366 altissimo,

609 1373 703 1411 Laus,
729 1373 829 1405 honor
854 1374 921 1412 ejus
946 1372 1022 1415 filio,

610 1420 658 1452 Sit
682 1420 835 1451 altissimo
859 1419 979 1452 flamini

610 1467 672 1499 Per
695 1468 822 1499 saecula
845 1467 1009 1499 laudabili.

235 1552 319 1579 Brev.
339 1559 393 1578 rus.
416 1551 596 1578 Benedictin.
610 1551 709 1578 Pisan.
732 1553 801 1578 anni
827 1549 909 1580 1:190.
946 1551 1013 1579 Cod.
1029 1552 1219 1579 Laurentian.
1235 1552 1347 1580 Sti-ozzi
1366 1550 1409 1579 11.
1424 1565 1458 1570 -——

162 1593 188 1623 ὃ,
209 1588 229 1617 4
248 1589 377 1617 Pulchra
397 1591 433 1616 et.
453 1603 492 1608 —-
510 1588 537 1622 7,
557 1587 575 1616 3
596 1590 643 1616 §it
663 1588 750 1616 decus
771 1589 923 1616 altissimo.

569 1716 632 1748 102.
662 1716 704 1748 Do
727 1718 838 1748 saneta
857 1716 989 1757 Brigida
1007 1718 1043 1748 V.

682 1802 731 1832 Ad
749 1802 939 1833 Nocturnum.

161 1885 193 1918 1.
220 1883 406 1916 Sanctorum
431 1881 473 1913 ad
497 1882 660 1918 miracula,
839 1883 871 1915 3.
901 1882 979 1914 Orta
1002 1880 1065 1915 fuit
1087 1882 1121 1913 in
1146 1883 1253 1916 Scotia

218 1931 339 1963 Nostra
363 1938 443 1969 quae
466 1932 540 1961 sunt
564 1930 700 1969 piacula,
899 1929 1094 1969 Virginitatis
1120 1930 1218 1971 socia,

219 1978 345 2010 Mentes
369 1979 529 2009 vertamus
555 1985 702 2017 propere,
898 1976 1030 2017 Semper
1055 1976 1164 2009 fruens
1188 1980 1368 2017 psalmodia

220 2026 376 2058 Canentes
399 2024 479 2056 haee
501 2032 701 2065 magnopere.
898 2024 1023 2056 Gamea
1045 2025 1169 2064 sprevit.
1191 2027 1268 2060 otia.

163 2095 195 2126 2.
221 2092 261 2124 In
286 2091 397 2131 quibus
420 2091 522 2122 almae
546 2090 705 2133 Brigidae,
841 2093 871 2125 4.
900 2090 1012 2122 Gloria
1035 2090 1104 2125 tibi,
1130 2092 1267 2133 trinitas,

220 2139 366 2172 Viventis
390 2137 546 2179 beatifice,
899 2137 1051 2177 Aequalis
1075 2147 1138 2170 una
1164 2139 1276 2180 deitas,

221 2187 324 2219 Deum
349 2185 508 2226 sequentis
532 2185 667 2226 penum,
899 2185 942 2218 Et
968 2187 1041 2219 ante
1066 2194 1158 2218 omne
1183 2188 1343 2221 saeculum

222 2235 327 2266 Vitam
351 2233 456 2266 finivit
481 2233 620 2265 coelitus.
899 2232 944 2267 Et
967 2241 1051 2264 nuno
1076 2236 1107 2265 et
1130 2234 1164 2266 in
1187 2240 1387 2276 perpetuum.

240 2319 323 2348 Brev.
344 2325 398 2345 ms.
420 2317 600 2346 Benedictin.
617 2317 717 2345 Pisan.
739 2318 806 2344 anni
831 2314 911 2345 1:326.
946 2316 1014 2344 Cod-
1030 2317 1216 2347 Laurentian.
1240 2321 1354 2351 Strozzi
1369 2321 1413 2351 11,
1427 2340 1466 2345 .-

166 2356 190 2395 11
214 2355 229 2384 1
251 2357 432 2385 Sanctarum.
453 2370 490 2375 —
512 2354 536 2389 1,
557 2352 574 2382 3
594 2357 747 2383 vertamur.
771 2370 806 2375 —-
828 2352 854 2389 2,
877 2353 895 2382 2
914 2354 1065 2383 Viventes.
1085 2370 1124 2375 -—
1143 2355 1170 2391 2,
1191 2355 1208 2385 3
1231 2363 1394 2393 sequentes.
