<?xml version="1.0" encoding="UTF-8"?>
<!DOCTYPE html PUBLIC "-//W3C//DTD XHTML 1.0 Transitional//EN"
    "http://www.w3.org/TR/xhtml1/DTD/xhtml1-transitional.dtd">
<html xmlns="http://www.w3.org/1999/xhtml" xml:lang="en" lang="en">
 <head>
  <title>
</title>
<meta http-equiv="Content-Type" content="text/html;charset=utf-8" />
  <meta name='ocr-system' content='tesseract 3.04.00' />
  <meta name='ocr-capabilities' content='ocr_page ocr_carea ocr_par ocr_line ocrx_word'/>
</head>
<body>
  <div class='ocr_page' id='page_1' title='image "./analectahymnica22drevuoft_00160.png"; bbox 0 0 1651 2621; ppageno 0'>
   <div class='ocr_carea' id='block_1_1' title="bbox 639 127 899 164">
    <p class='ocr_par' dir='ltr' id='par_1_1' title="bbox 639 127 899 164">
     <span class='ocr_line' id='line_1_1' title="bbox 639 127 899 164; baseline -0.004 0"><span class='ocrx_word' id='word_1_1' title='bbox 639 127 899 164; x_wconf 47' lang='lat'>*157*</span> 
     </span>
    </p>
   </div>
   <div class='ocr_carea' id='block_1_2' title="bbox 112 223 1341 410">
    <p class='ocr_par' dir='ltr' id='par_1_2' title="bbox 112 223 1341 410">
     <span class='ocr_line' id='line_1_2' title="bbox 112 223 1328 264; baseline 0.002 -9"><span class='ocrx_word' id='word_1_2' title='bbox 112 223 143 255; x_wconf 90' lang='grc'>9.</span> <span class='ocrx_word' id='word_1_3' title='bbox 170 223 213 256; x_wconf 83' lang='lat' dir='ltr'>Et</span> <span class='ocrx_word' id='word_1_4' title='bbox 238 232 298 263; x_wconf 88' lang='lat' dir='ltr'>pro</span> <span class='ocrx_word' id='word_1_5' title='bbox 324 224 416 256; x_wconf 88' lang='lat' dir='ltr'>nobis</span> <span class='ocrx_word' id='word_1_6' title='bbox 439 233 552 264; x_wconf 86' lang='lat' dir='ltr'>preces</span> <span class='ocrx_word' id='word_1_7' title='bbox 577 223 686 258; x_wconf 74' lang='lat' dir='ltr'>fundit</span> <span class='ocrx_word' id='word_1_8' title='bbox 803 226 856 260; x_wconf 88' lang='lat'>10.</span> <span class='ocrx_word' id='word_1_9' title='bbox 872 226 1023 259; x_wconf 82' lang='lat' dir='ltr'>Trinitati</span> <span class='ocrx_word' id='word_1_10' title='bbox 1046 234 1188 259; x_wconf 82' lang='lat' dir='ltr'>summae</span> <span class='ocrx_word' id='word_1_11' title='bbox 1215 224 1328 258; x_wconf 86' lang='lat' dir='ltr'>laudes</span> 
     </span>
     <span class='ocr_line' id='line_1_3' title="bbox 221 270 1254 314; baseline 0.002 -11"><span class='ocrx_word' id='word_1_12' title='bbox 221 271 356 304; x_wconf 83' lang='lat' dir='ltr'>caritate</span> <span class='ocrx_word' id='word_1_13' title='bbox 379 270 517 312; x_wconf 83' lang='lat' dir='ltr'>fervida,</span> <span class='ocrx_word' id='word_1_14' title='bbox 920 273 1095 307; x_wconf 86' lang='lat' dir='ltr'>referamus</span> <span class='ocrx_word' id='word_1_15' title='bbox 1120 273 1254 314; x_wconf 78' lang='lat' dir='ltr'>debitas,</span> 
     </span>
     <span class='ocr_line' id='line_1_4' title="bbox 171 317 1341 362; baseline 0 -10"><span class='ocrx_word' id='word_1_16' title='bbox 171 317 217 352; x_wconf 79' lang='lat' dir='ltr'>Ut</span> <span class='ocrx_word' id='word_1_17' title='bbox 241 319 328 352; x_wconf 87' lang='lat' dir='ltr'>Deus</span> <span class='ocrx_word' id='word_1_18' title='bbox 355 328 424 351; x_wconf 87' lang='lat' dir='ltr'>eam</span> <span class='ocrx_word' id='word_1_19' title='bbox 450 321 584 353; x_wconf 89' lang='lat' dir='ltr'>colendo</span> <span class='ocrx_word' id='word_1_20' title='bbox 874 321 919 354; x_wconf 77' lang='lat' dir='ltr'>Ut</span> <span class='ocrx_word' id='word_1_21' title='bbox 945 322 1079 362; x_wconf 81' lang='lat' dir='ltr'>devotis,</span> <span class='ocrx_word' id='word_1_22' title='bbox 1105 331 1182 362; x_wconf 85' lang='lat' dir='ltr'>quas</span> <span class='ocrx_word' id='word_1_23' title='bbox 1207 321 1341 362; x_wconf 81' lang='lat' dir='ltr'>rogavit,</span> 
     </span>
     <span class='ocr_line' id='line_1_5' title="bbox 218 366 1294 410; baseline 0.003 -11"><span class='ocrx_word' id='word_1_24' title='bbox 218 369 328 400; x_wconf 77' lang='lat' dir='ltr'>nostra</span> <span class='ocrx_word' id='word_1_25' title='bbox 352 366 459 400; x_wconf 73' lang='lat' dir='ltr'>demat</span> <span class='ocrx_word' id='word_1_26' title='bbox 484 368 628 401; x_wconf 82' lang='lat' dir='ltr'>crimina.</span> <span class='ocrx_word' id='word_1_27' title='bbox 924 369 1016 402; x_wconf 84' lang='lat' dir='ltr'>nobis</span> <span class='ocrx_word' id='word_1_28' title='bbox 1043 369 1140 403; x_wconf 79' lang='lat' dir='ltr'>donet</span> <span class='ocrx_word' id='word_1_29' title='bbox 1164 369 1294 410; x_wconf 77' lang='lat' dir='ltr'>gratias.</span> 
     </span>
    </p>
   </div>
   <div class='ocr_carea' id='block_1_3' title="bbox 113 432 1427 635">
    <p class='ocr_par' dir='ltr' id='par_1_3' title="bbox 113 432 1427 546">
     <span class='ocr_line' id='line_1_6' title="bbox 191 432 1427 463; baseline 0.001 -3"><span class='ocrx_word' id='word_1_30' title='bbox 191 433 277 461; x_wconf 75' lang='lat' dir='ltr'>BreV.</span> <span class='ocrx_word' id='word_1_31' title='bbox 309 442 362 461; x_wconf 83' lang='lat' dir='ltr'>ms.</span> <span class='ocrx_word' id='word_1_32' title='bbox 389 434 618 462; x_wconf 84' lang='lat' dir='ltr'><strong>Ambrosianum</strong></span> <span class='ocrx_word' id='word_1_33' title='bbox 647 443 723 463; x_wconf 85' lang='lat' dir='ltr'>saec.</span> <span class='ocrx_word' id='word_1_34' title='bbox 754 432 828 463; x_wconf 71' lang='lat' dir='ltr'>1¹³l15.</span> <span class='ocrx_word' id='word_1_35' title='bbox 877 434 946 463; x_wconf 72' lang='lat' dir='ltr'>cod.</span> <span class='ocrx_word' id='word_1_36' title='bbox 970 435 1151 463; x_wconf 65' lang='lat' dir='ltr'>Trivulzian.</span> <span class='ocrx_word' id='word_1_37' title='bbox 1181 434 1208 462; x_wconf 98' lang='lat' dir='ltr'>A</span> <span class='ocrx_word' id='word_1_38' title='bbox 1238 432 1301 462; x_wconf 81' lang='lat'>102.</span> <span class='ocrx_word' id='word_1_39' title='bbox 1326 433 1361 461; x_wconf 88' lang='lat' dir='ltr'>A.</span> <span class='ocrx_word' id='word_1_40' title='bbox 1388 447 1427 452; x_wconf 93' lang='grc'>-</span> 
     </span>
     <span class='ocr_line' id='line_1_7' title="bbox 113 470 1426 502; baseline 0.001 -4"><span class='ocrx_word' id='word_1_41' title='bbox 113 470 206 499; x_wconf 74' lang='lat' dir='ltr'>Psalt.</span> <span class='ocrx_word' id='word_1_42' title='bbox 234 480 288 499; x_wconf 80' lang='lat' dir='ltr'>ms.</span> <span class='ocrx_word' id='word_1_43' title='bbox 314 471 541 500; x_wconf 79' lang='lat' dir='ltr'><strong>Ambrosianum</strong></span> <span class='ocrx_word' id='word_1_44' title='bbox 571 480 646 501; x_wconf 83' lang='lat' dir='ltr'>saec.</span> <span class='ocrx_word' id='word_1_45' title='bbox 676 471 750 502; x_wconf 70' lang='lat' dir='ltr'>14l15.</span> <span class='ocrx_word' id='word_1_46' title='bbox 798 472 866 501; x_wconf 76' lang='lat' dir='ltr'>Ood.</span> <span class='ocrx_word' id='word_1_47' title='bbox 893 473 983 501; x_wconf 85' lang='lat' dir='ltr'>Basil.</span> <span class='ocrx_word' id='word_1_48' title='bbox 1011 474 1196 501; x_wconf 81' lang='lat' dir='ltr'>Ambrosian,</span> <span class='ocrx_word' id='word_1_49' title='bbox 1218 482 1241 500; x_wconf 90' lang='lat' dir='ltr'>s.</span> <span class='ocrx_word' id='word_1_50' title='bbox 1271 481 1299 500; x_wconf 83' lang='lat' dir='ltr'>n.</span> <span class='ocrx_word' id='word_1_51' title='bbox 1325 472 1358 499; x_wconf 87' lang='lat' dir='ltr'>B.</span> <span class='ocrx_word' id='word_1_52' title='bbox 1390 485 1426 491; x_wconf 90' lang='lat'>—-</span> 
     </span>
     <span class='ocr_line' id='line_1_8' title="bbox 114 506 987 546; baseline 0.003 -10"><span class='ocrx_word' id='word_1_53' title='bbox 114 507 142 544; x_wconf 76' lang='lat'>6,</span> <span class='ocrx_word' id='word_1_54' title='bbox 165 506 183 537; x_wconf 82' lang='lat'><strong>3</strong></span> <span class='ocrx_word' id='word_1_55' title='bbox 202 509 400 546; x_wconf 68' lang='lat' dir='ltr'>promittendo</span> <span class='ocrx_word' id='word_1_56' title='bbox 420 510 458 538; x_wconf 89' lang='lat' dir='ltr'>A.</span> <span class='ocrx_word' id='word_1_57' title='bbox 478 524 512 531; x_wconf 56' lang='grc' dir='ltr'>ι-</span> <span class='ocrx_word' id='word_1_58' title='bbox 534 509 591 539; x_wconf 71' lang='lat' dir='ltr'>Str.</span> <span class='ocrx_word' id='word_1_59' title='bbox 612 509 639 539; x_wconf 83' lang='lat'>8.</span> <span class='ocrx_word' id='word_1_60' title='bbox 658 511 733 539; x_wconf 79' lang='lat' dir='ltr'>fehlt</span> <span class='ocrx_word' id='word_1_61' title='bbox 752 511 786 539; x_wconf 82' lang='lat' dir='ltr'>A.</span> <span class='ocrx_word' id='word_1_62' title='bbox 808 527 845 532; x_wconf 77' lang='lat'>—</span> <span class='ocrx_word' id='word_1_63' title='bbox 864 511 933 539; x_wconf 83' lang='lat' dir='ltr'>Mel.</span> <span class='ocrx_word' id='word_1_64' title='bbox 954 512 987 539; x_wconf 88' lang='lat' dir='ltr'>B.</span> 
     </span>
    </p>

    <p class='ocr_par' dir='ltr' id='par_1_4' title="bbox 425 602 1116 635">
     <span class='ocr_line' id='line_1_9' title="bbox 425 602 1116 635; baseline -0.001 -1"><span class='ocrx_word' id='word_1_65' title='bbox 425 602 492 635; x_wconf 80' lang='lat'>263.</span> <span class='ocrx_word' id='word_1_66' title='bbox 523 603 566 634; x_wconf 88' lang='lat' dir='ltr'>De</span> <span class='ocrx_word' id='word_1_67' title='bbox 587 604 696 635; x_wconf 79' lang='lat' dir='ltr'>saneta</span> <span class='ocrx_word' id='word_1_68' title='bbox 715 602 898 635; x_wconf 77' lang='lat' dir='ltr'>Katharina</span> <span class='ocrx_word' id='word_1_69' title='bbox 916 602 1116 635; x_wconf 84' lang='lat' dir='ltr'>Bononiensi.</span> 
     </span>
    </p>
   </div>
   <div class='ocr_carea' id='block_1_4' title="bbox 659 670 886 709">
    <p class='ocr_par' dir='ltr' id='par_1_5' title="bbox 659 670 886 709">
     <span class='ocr_line' id='line_1_10' title="bbox 659 670 886 709; baseline 0 -9"><span class='ocrx_word' id='word_1_70' title='bbox 659 670 709 700; x_wconf 85' lang='lat' dir='ltr'>Ad</span> <span class='ocrx_word' id='word_1_71' title='bbox 728 670 886 709; x_wconf 78' lang='lat' dir='ltr'>Vesperas.</span> 
     </span>
    </p>
   </div>
   <div class='ocr_carea' id='block_1_5' title="bbox 115 739 1324 1121">
    <p class='ocr_par' dir='ltr' id='par_1_6' title="bbox 116 739 1324 922">
     <span class='ocr_line' id='line_1_11' title="bbox 116 739 1295 782; baseline -0.003 -9"><span class='ocrx_word' id='word_1_72' title='bbox 116 740 147 774; x_wconf 83' lang='lat'>1.</span> <span class='ocrx_word' id='word_1_73' title='bbox 175 740 200 773; x_wconf 96' lang='lat' dir='ltr'>O</span> <span class='ocrx_word' id='word_1_74' title='bbox 226 739 407 772; x_wconf 86' lang='lat' dir='ltr'>Katharina</span> <span class='ocrx_word' id='word_1_75' title='bbox 434 739 560 782; x_wconf 81' lang='lat' dir='ltr'>nobilis,</span> <span class='ocrx_word' id='word_1_76' title='bbox 803 741 834 774; x_wconf 83' lang='lat'>3.</span> <span class='ocrx_word' id='word_1_77' title='bbox 861 740 975 773; x_wconf 81' lang='lat' dir='ltr'>Vicisti</span> <span class='ocrx_word' id='word_1_78' title='bbox 1000 739 1102 772; x_wconf 83' lang='lat' dir='ltr'>carnis</span> <span class='ocrx_word' id='word_1_79' title='bbox 1128 739 1295 777; x_wconf 85' lang='lat' dir='ltr'>lubricum,</span> 
     </span>
     <span class='ocr_line' id='line_1_12' title="bbox 174 785 1299 828; baseline -0.001 -10"><span class='ocrx_word' id='word_1_80' title='bbox 174 785 288 819; x_wconf 78' lang='lat' dir='ltr'>Sancti</span> <span class='ocrx_word' id='word_1_81' title='bbox 313 787 479 819; x_wconf 79' lang='lat' dir='ltr'>Francisci</span> <span class='ocrx_word' id='word_1_82' title='bbox 504 785 580 827; x_wconf 81' lang='lat' dir='ltr'>filia,</span> <span class='ocrx_word' id='word_1_83' title='bbox 861 789 1012 828; x_wconf 83' lang='lat' dir='ltr'>Figuram</span> <span class='ocrx_word' id='word_1_84' title='bbox 1037 787 1148 819; x_wconf 88' lang='lat' dir='ltr'>mundi</span> <span class='ocrx_word' id='word_1_85' title='bbox 1169 786 1299 818; x_wconf 83' lang='lat' dir='ltr'>labilem</span> 
     </span>
     <span class='ocr_line' id='line_1_13' title="bbox 177 833 1324 877; baseline -0.003 -10"><span class='ocrx_word' id='word_1_86' title='bbox 177 834 265 874; x_wconf 83' lang='lat' dir='ltr'>Quae</span> <span class='ocrx_word' id='word_1_87' title='bbox 289 835 375 866; x_wconf 73' lang='lat' dir='ltr'>vitae</span> <span class='ocrx_word' id='word_1_88' title='bbox 399 843 526 877; x_wconf 82' lang='lat' dir='ltr'>semper</span> <span class='ocrx_word' id='word_1_89' title='bbox 550 835 658 867; x_wconf 85' lang='lat' dir='ltr'>labilis</span> <span class='ocrx_word' id='word_1_90' title='bbox 861 835 906 867; x_wconf 81' lang='lat' dir='ltr'>Et</span> <span class='ocrx_word' id='word_1_91' title='bbox 933 835 1117 868; x_wconf 84' lang='lat' dir='ltr'>daemonem</span> <span class='ocrx_word' id='word_1_92' title='bbox 1142 833 1324 866; x_wconf 85' lang='lat' dir='ltr'>falsidicum</span> 
     </span>
     <span class='ocr_line' id='line_1_14' title="bbox 175 882 1322 922; baseline -0.003 -7"><span class='ocrx_word' id='word_1_93' title='bbox 175 882 274 915; x_wconf 80' lang='lat' dir='ltr'>Falsa</span> <span class='ocrx_word' id='word_1_94' title='bbox 298 882 449 922; x_wconf 81' lang='lat' dir='ltr'>sprevisti</span> <span class='ocrx_word' id='word_1_95' title='bbox 474 882 600 922; x_wconf 82' lang='lat' dir='ltr'>gaudia.</span> <span class='ocrx_word' id='word_1_96' title='bbox 863 883 910 915; x_wconf 93' lang='lat' dir='ltr'>Ob</span> <span class='ocrx_word' id='word_1_97' title='bbox 936 884 1039 915; x_wconf 79' lang='lat' dir='ltr'>zelum</span> <span class='ocrx_word' id='word_1_98' title='bbox 1064 883 1141 917; x_wconf 86' lang='lat' dir='ltr'>Jesu</span> <span class='ocrx_word' id='word_1_99' title='bbox 1165 882 1322 914; x_wconf 82' lang='lat' dir='ltr'>stabilem.</span> 
     </span>
    </p>

    <p class='ocr_par' dir='ltr' id='par_1_7' title="bbox 115 938 1302 1121">
     <span class='ocr_line' id='line_1_15' title="bbox 115 938 1258 980; baseline -0.002 -8"><span class='ocrx_word' id='word_1_100' title='bbox 115 940 147 972; x_wconf 79' lang='lat'>2.</span> <span class='ocrx_word' id='word_1_101' title='bbox 172 939 226 971; x_wconf 84' lang='lat' dir='ltr'>Ad</span> <span class='ocrx_word' id='word_1_102' title='bbox 252 939 361 980; x_wconf 83' lang='lat' dir='ltr'>sponsi</span> <span class='ocrx_word' id='word_1_103' title='bbox 387 939 465 971; x_wconf 81' lang='lat' dir='ltr'>Jesu</span> <span class='ocrx_word' id='word_1_104' title='bbox 486 939 614 979; x_wconf 66' lang='lat' dir='ltr'>nuptias</span> <span class='ocrx_word' id='word_1_105' title='bbox 803 939 836 973; x_wconf 76' lang='lat'>4.</span> <span class='ocrx_word' id='word_1_106' title='bbox 861 939 927 972; x_wconf 85' lang='lat' dir='ltr'>Uni</span> <span class='ocrx_word' id='word_1_107' title='bbox 950 939 1098 978; x_wconf 69' lang='lat' dir='ltr'>‘trinoque</span> <span class='ocrx_word' id='word_1_108' title='bbox 1121 938 1258 971; x_wconf 84' lang='lat' dir='ltr'>Domino</span> 
     </span>
     <span class='ocr_line' id='line_1_16' title="bbox 175 986 1268 1030; baseline -0.002 -11"><span class='ocrx_word' id='word_1_109' title='bbox 175 987 346 1030; x_wconf 79' lang='lat' dir='ltr'>Exemplo,</span> <span class='ocrx_word' id='word_1_110' title='bbox 372 986 491 1026; x_wconf 84' lang='lat' dir='ltr'>verbis,</span> <span class='ocrx_word' id='word_1_111' title='bbox 518 995 616 1026; x_wconf 79' lang='lat' dir='ltr'>opere</span> <span class='ocrx_word' id='word_1_112' title='bbox 865 986 915 1019; x_wconf 74' lang='lat' dir='ltr'>Sit</span> <span class='ocrx_word' id='word_1_113' title='bbox 939 986 1133 1026; x_wconf 77' lang='lat' dir='ltr'>sempiterna</span> <span class='ocrx_word' id='word_1_114' title='bbox 1157 986 1268 1027; x_wconf 83' lang='lat' dir='ltr'>gloria,</span> 
     </span>
     <span class='ocr_line' id='line_1_17' title="bbox 175 1032 1302 1076; baseline -0.001 -10"><span class='ocrx_word' id='word_1_115' title='bbox 175 1034 290 1067; x_wconf 87' lang='lat' dir='ltr'>Plures</span> <span class='ocrx_word' id='word_1_116' title='bbox 315 1034 444 1066; x_wconf 75' lang='lat' dir='ltr'>traxisti</span> <span class='ocrx_word' id='word_1_117' title='bbox 463 1032 557 1076; x_wconf 82' lang='lat' dir='ltr'>filias,</span> <span class='ocrx_word' id='word_1_118' title='bbox 865 1034 924 1073; x_wconf 77' lang='lat' dir='ltr'>Qui</span> <span class='ocrx_word' id='word_1_119' title='bbox 949 1034 1049 1067; x_wconf 84' lang='lat' dir='ltr'>vitam</span> <span class='ocrx_word' id='word_1_120' title='bbox 1073 1034 1142 1065; x_wconf 87' lang='lat' dir='ltr'>sine</span> <span class='ocrx_word' id='word_1_121' title='bbox 1167 1033 1302 1065; x_wconf 87' lang='lat' dir='ltr'>termino</span> 
     </span>
     <span class='ocr_line' id='line_1_18' title="bbox 176 1081 1284 1121; baseline -0.002 -7"><span class='ocrx_word' id='word_1_122' title='bbox 176 1082 319 1115; x_wconf 81' lang='lat' dir='ltr'>Devotas</span> <span class='ocrx_word' id='word_1_123' title='bbox 344 1091 436 1115; x_wconf 81' lang='lat' dir='ltr'>sacro</span> <span class='ocrx_word' id='word_1_124' title='bbox 461 1081 601 1116; x_wconf 83' lang='lat' dir='ltr'>foedere.</span> <span class='ocrx_word' id='word_1_125' title='bbox 863 1081 965 1114; x_wconf 85' lang='lat' dir='ltr'>Nobis</span> <span class='ocrx_word' id='word_1_126' title='bbox 992 1081 1089 1114; x_wconf 66' lang='lat' dir='ltr'>donet</span> <span class='ocrx_word' id='word_1_127' title='bbox 1111 1082 1145 1113; x_wconf 89' lang='lat' dir='ltr'>in</span> <span class='ocrx_word' id='word_1_128' title='bbox 1169 1081 1284 1121; x_wconf 79' lang='lat' dir='ltr'>patria.</span> 
     </span>
    </p>
   </div>
   <div class='ocr_carea' id='block_1_6' title="bbox 195 1144 1138 1184">
    <p class='ocr_par' dir='ltr' id='par_1_8' title="bbox 195 1144 1138 1184">
     <span class='ocr_line' id='line_1_19' title="bbox 195 1144 1138 1184; baseline -0.002 -8"><span class='ocrx_word' id='word_1_129' title='bbox 195 1147 315 1184; x_wconf 75' lang='lat' dir='ltr'>Antiph.</span> <span class='ocrx_word' id='word_1_130' title='bbox 335 1156 389 1175; x_wconf 87' lang='lat' dir='ltr'>ms.</span> <span class='ocrx_word' id='word_1_131' title='bbox 409 1148 597 1176; x_wconf 80' lang='lat' dir='ltr'>Francisean.</span> <span class='ocrx_word' id='word_1_132' title='bbox 618 1156 694 1175; x_wconf 82' lang='lat' dir='ltr'>saec.</span> <span class='ocrx_word' id='word_1_133' title='bbox 716 1145 789 1175; x_wconf 77' lang='lat' dir='ltr'>¹⁶l17.</span> <span class='ocrx_word' id='word_1_134' title='bbox 832 1146 900 1175; x_wconf 82' lang='lat' dir='ltr'>Cod.</span> <span class='ocrx_word' id='word_1_135' title='bbox 924 1148 1033 1176; x_wconf 83' lang='lat' dir='ltr'>Lucen.</span> <span class='ocrx_word' id='word_1_136' title='bbox 1055 1144 1138 1175; x_wconf 81' lang='lat'>2674.</span> 
     </span>
    </p>
   </div>
   <div class='ocr_carea' id='block_1_7' title="bbox 434 1235 1123 1270">
    <p class='ocr_par' dir='ltr' id='par_1_9' title="bbox 434 1235 1123 1270">
     <span class='ocr_line' id='line_1_20' title="bbox 434 1235 1123 1270; baseline -0.006 0"><span class='ocrx_word' id='word_1_137' title='bbox 434 1239 502 1270; x_wconf 80' lang='lat'>264.</span> <span class='ocrx_word' id='word_1_138' title='bbox 534 1239 577 1270; x_wconf 80' lang='lat' dir='ltr'>De</span> <span class='ocrx_word' id='word_1_139' title='bbox 597 1238 708 1269; x_wconf 75' lang='lat' dir='ltr'>saneta</span> <span class='ocrx_word' id='word_1_140' title='bbox 726 1236 908 1269; x_wconf 76' lang='lat' dir='ltr'>Katharina</span> <span class='ocrx_word' id='word_1_141' title='bbox 927 1235 1123 1269; x_wconf 80' lang='lat' dir='ltr'>Bononiensi.</span> 
     </span>
    </p>
   </div>
   <div class='ocr_carea' id='block_1_8' title="bbox 641 1304 903 1335">
    <p class='ocr_par' dir='ltr' id='par_1_10' title="bbox 641 1304 903 1335">
     <span class='ocr_line' id='line_1_21' title="bbox 641 1304 903 1335; baseline -0.008 0"><span class='ocrx_word' id='word_1_142' title='bbox 641 1305 690 1335; x_wconf 82' lang='lat' dir='ltr'>Ad</span> <span class='ocrx_word' id='word_1_143' title='bbox 710 1304 903 1335; x_wconf 75' lang='lat' dir='ltr'>Nocturnum.</span> 
     </span>
    </p>
   </div>
   <div class='ocr_carea' id='block_1_9' title="bbox 115 1373 1360 1760">
    <p class='ocr_par' dir='ltr' id='par_1_11' title="bbox 117 1373 1259 1560">
     <span class='ocr_line' id='line_1_22' title="bbox 117 1373 1198 1418; baseline -0.006 -7"><span class='ocrx_word' id='word_1_144' title='bbox 117 1378 149 1411; x_wconf 84' lang='lat'>1.</span> <span class='ocrx_word' id='word_1_145' title='bbox 175 1377 274 1418; x_wconf 75' lang='lat' dir='ltr'>Virgo</span> <span class='ocrx_word' id='word_1_146' title='bbox 301 1375 421 1410; x_wconf 80' lang='lat' dir='ltr'>Christi</span> <span class='ocrx_word' id='word_1_147' title='bbox 443 1376 617 1415; x_wconf 86' lang='lat' dir='ltr'>juvencula</span> <span class='ocrx_word' id='word_1_148' title='bbox 802 1376 833 1408; x_wconf 81' lang='lat'>3.</span> <span class='ocrx_word' id='word_1_149' title='bbox 862 1373 975 1417; x_wconf 77' lang='lat' dir='ltr'>Nocte,</span> <span class='ocrx_word' id='word_1_150' title='bbox 1004 1374 1057 1406; x_wconf 79' lang='lat' dir='ltr'>die</span> <span class='ocrx_word' id='word_1_151' title='bbox 1080 1374 1198 1415; x_wconf 87' lang='lat' dir='ltr'>vigiliis</span> 
     </span>
     <span class='ocr_line' id='line_1_23' title="bbox 175 1422 1198 1464; baseline -0.006 -6"><span class='ocrx_word' id='word_1_152' title='bbox 175 1424 312 1458; x_wconf 77' lang='lat' dir='ltr'>Sanctae</span> <span class='ocrx_word' id='word_1_153' title='bbox 337 1424 452 1458; x_wconf 78' lang='lat' dir='ltr'>Clarae</span> <span class='ocrx_word' id='word_1_154' title='bbox 478 1424 636 1464; x_wconf 81' lang='lat' dir='ltr'>discipula</span> <span class='ocrx_word' id='word_1_155' title='bbox 864 1422 992 1454; x_wconf 77' lang='lat' dir='ltr'>Intenta</span> <span class='ocrx_word' id='word_1_156' title='bbox 1017 1425 1049 1454; x_wconf 77' lang='lat' dir='ltr'>eh</span> <span class='ocrx_word' id='word_1_157' title='bbox 1069 1422 1198 1462; x_wconf 85' lang='lat' dir='ltr'>jejunis,</span> 
     </span>
     <span class='ocr_line' id='line_1_24' title="bbox 173 1469 1141 1506; baseline -0.004 -1"><span class='ocrx_word' id='word_1_158' title='bbox 173 1471 326 1506; x_wconf 80' lang='lat' dir='ltr'>Efficitur</span> <span class='ocrx_word' id='word_1_159' title='bbox 352 1475 384 1503; x_wconf 83' lang='lat' dir='ltr'>et</span> <span class='ocrx_word' id='word_1_160' title='bbox 407 1470 475 1503; x_wconf 83' lang='lat' dir='ltr'>filia</span> <span class='ocrx_word' id='word_1_161' title='bbox 861 1469 1004 1502; x_wconf 82' lang='lat' dir='ltr'>Orationi</span> <span class='ocrx_word' id='word_1_162' title='bbox 1031 1469 1141 1502; x_wconf 81' lang='lat' dir='ltr'>dedita</span> 
     </span>
     <span class='ocr_line' id='line_1_25' title="bbox 172 1516 1259 1560; baseline -0.003 -7"><span class='ocrx_word' id='word_1_163' title='bbox 172 1520 253 1560; x_wconf 83' lang='lat' dir='ltr'>Ejus</span> <span class='ocrx_word' id='word_1_164' title='bbox 277 1528 413 1559; x_wconf 85' lang='lat' dir='ltr'>sequens</span> <span class='ocrx_word' id='word_1_165' title='bbox 437 1518 581 1559; x_wconf 74' lang='lat' dir='ltr'>vestigia,</span> <span class='ocrx_word' id='word_1_166' title='bbox 857 1516 967 1549; x_wconf 71' lang='lat' dir='ltr'>Dabat</span> <span class='ocrx_word' id='word_1_167' title='bbox 990 1518 1103 1549; x_wconf 80' lang='lat' dir='ltr'>salutis</span> <span class='ocrx_word' id='word_1_168' title='bbox 1128 1517 1259 1550; x_wconf 81' lang='lat' dir='ltr'>monita.</span> 
     </span>
    </p>

    <p class='ocr_par' dir='ltr' id='par_1_12' title="bbox 115 1574 1360 1760">
     <span class='ocr_line' id='line_1_26' title="bbox 115 1574 1273 1617; baseline -0.005 -6"><span class='ocrx_word' id='word_1_169' title='bbox 115 1581 147 1612; x_wconf 85' lang='lat'>2.</span> <span class='ocrx_word' id='word_1_170' title='bbox 173 1577 252 1611; x_wconf 84' lang='lat' dir='ltr'>Dire</span> <span class='ocrx_word' id='word_1_171' title='bbox 277 1586 369 1609; x_wconf 88' lang='lat' dir='ltr'>suum</span> <span class='ocrx_word' id='word_1_172' title='bbox 395 1576 618 1616; x_wconf 80' lang='lat' dir='ltr'>corpusculum</span> <span class='ocrx_word' id='word_1_173' title='bbox 802 1575 835 1607; x_wconf 83' lang='lat'>4.</span> <span class='ocrx_word' id='word_1_174' title='bbox 859 1574 929 1606; x_wconf 86' lang='lat' dir='ltr'>Deo</span> <span class='ocrx_word' id='word_1_175' title='bbox 956 1582 1103 1606; x_wconf 84' lang='lat' dir='ltr'>canamus</span> <span class='ocrx_word' id='word_1_176' title='bbox 1129 1574 1273 1617; x_wconf 76' lang='lat' dir='ltr'>gloriam,</span> 
     </span>
     <span class='ocr_line' id='line_1_27' title="bbox 172 1621 1258 1664; baseline -0.005 -6"><span class='ocrx_word' id='word_1_177' title='bbox 172 1625 315 1659; x_wconf 84' lang='lat' dir='ltr'>Domans</span> <span class='ocrx_word' id='word_1_178' title='bbox 338 1624 417 1657; x_wconf 80' lang='lat' dir='ltr'>vicit</span> <span class='ocrx_word' id='word_1_179' title='bbox 443 1623 616 1664; x_wconf 81' lang='lat' dir='ltr'>diabolum,</span> <span class='ocrx_word' id='word_1_180' title='bbox 862 1622 923 1661; x_wconf 71' lang='lat' dir='ltr'>Qui</span> <span class='ocrx_word' id='word_1_181' title='bbox 948 1621 1068 1663; x_wconf 81' lang='lat' dir='ltr'>virgini</span> <span class='ocrx_word' id='word_1_182' title='bbox 1091 1622 1258 1654; x_wconf 79' lang='lat' dir='ltr'>victoriam</span> 
     </span>
     <span class='ocr_line' id='line_1_28' title="bbox 172 1668 1360 1713; baseline -0.003 -7"><span class='ocrx_word' id='word_1_183' title='bbox 172 1673 331 1706; x_wconf 78' lang='lat' dir='ltr'>Mundum</span> <span class='ocrx_word' id='word_1_184' title='bbox 355 1672 478 1713; x_wconf 76' lang='lat' dir='ltr'>sprevit</span> <span class='ocrx_word' id='word_1_185' title='bbox 502 1670 684 1704; x_wconf 79' lang='lat' dir='ltr'>vertibilem</span> <span class='ocrx_word' id='word_1_186' title='bbox 862 1668 985 1710; x_wconf 74' lang='lat' dir='ltr'>Carnis,</span> <span class='ocrx_word' id='word_1_187' title='bbox 1014 1669 1111 1702; x_wconf 77' lang='lat' dir='ltr'>Satan</span> <span class='ocrx_word' id='word_1_188' title='bbox 1138 1679 1207 1701; x_wconf 80' lang='lat' dir='ltr'>cum</span> <span class='ocrx_word' id='word_1_189' title='bbox 1232 1669 1360 1702; x_wconf 82' lang='lat' dir='ltr'>saeculo</span> 
     </span>
     <span class='ocr_line' id='line_1_29' title="bbox 171 1717 1330 1760; baseline -0.003 -8"><span class='ocrx_word' id='word_1_190' title='bbox 171 1721 218 1753; x_wconf 71' lang='lat' dir='ltr'>Et</span> <span class='ocrx_word' id='word_1_191' title='bbox 239 1720 349 1753; x_wconf 83' lang='lat' dir='ltr'>florem</span> <span class='ocrx_word' id='word_1_192' title='bbox 376 1721 443 1760; x_wconf 78' lang='lat' dir='ltr'>ejus</span> <span class='ocrx_word' id='word_1_193' title='bbox 468 1719 624 1760; x_wconf 82' lang='lat' dir='ltr'>fragilem.</span> <span class='ocrx_word' id='word_1_194' title='bbox 862 1717 963 1750; x_wconf 74' lang='lat' dir='ltr'>Dedit</span> <span class='ocrx_word' id='word_1_195' title='bbox 986 1718 1018 1750; x_wconf 85' lang='lat' dir='ltr'>in</span> <span class='ocrx_word' id='word_1_196' title='bbox 1044 1718 1106 1750; x_wconf 82' lang='lat' dir='ltr'>hoc</span> <span class='ocrx_word' id='word_1_197' title='bbox 1132 1718 1330 1757; x_wconf 82' lang='lat' dir='ltr'>corpusculo.</span> 
     </span>
    </p>
   </div>
   <div class='ocr_carea' id='block_1_10' title="bbox 192 1782 1135 1823">
    <p class='ocr_par' dir='ltr' id='par_1_13' title="bbox 192 1782 1135 1823">
     <span class='ocr_line' id='line_1_30' title="bbox 192 1782 1135 1823; baseline -0.003 -8"><span class='ocrx_word' id='word_1_198' title='bbox 192 1786 313 1823; x_wconf 76' lang='lat' dir='ltr'>Antiph.</span> <span class='ocrx_word' id='word_1_199' title='bbox 334 1795 387 1814; x_wconf 87' lang='lat' dir='ltr'>ms.</span> <span class='ocrx_word' id='word_1_200' title='bbox 408 1787 595 1815; x_wconf 79' lang='lat' dir='ltr'>Franciscan.</span> <span class='ocrx_word' id='word_1_201' title='bbox 617 1794 692 1814; x_wconf 83' lang='lat' dir='ltr'>saec.</span> <span class='ocrx_word' id='word_1_202' title='bbox 715 1783 789 1814; x_wconf 71' lang='lat' dir='ltr'>¹⁶l17.</span> <span class='ocrx_word' id='word_1_203' title='bbox 832 1784 902 1813; x_wconf 85' lang='lat' dir='ltr'>Cod.</span> <span class='ocrx_word' id='word_1_204' title='bbox 922 1784 1031 1812; x_wconf 86' lang='lat' dir='ltr'>Lucen.</span> <span class='ocrx_word' id='word_1_205' title='bbox 1053 1782 1135 1812; x_wconf 75' lang='lat'>2674.</span> 
     </span>
    </p>
   </div>
   <div class='ocr_carea' id='block_1_11' title="bbox 470 1876 1075 1909">
    <p class='ocr_par' dir='ltr' id='par_1_14' title="bbox 470 1876 1075 1909">
     <span class='ocr_line' id='line_1_31' title="bbox 470 1876 1075 1909; baseline -0.003 -1"><span class='ocrx_word' id='word_1_206' title='bbox 470 1877 536 1909; x_wconf 82' lang='lat'>265.</span> <span class='ocrx_word' id='word_1_207' title='bbox 566 1877 611 1908; x_wconf 85' lang='lat' dir='ltr'>De</span> <span class='ocrx_word' id='word_1_208' title='bbox 631 1885 655 1907; x_wconf 90' lang='lat' dir='ltr'>s.</span> <span class='ocrx_word' id='word_1_209' title='bbox 676 1877 859 1909; x_wconf 83' lang='lat' dir='ltr'>Katharina</span> <span class='ocrx_word' id='word_1_210' title='bbox 878 1876 1075 1908; x_wconf 83' lang='lat' dir='ltr'>Bononiensi.</span> 
     </span>
    </p>
   </div>
   <div class='ocr_carea' id='block_1_12' title="bbox 116 1943 1367 2404">
    <p class='ocr_par' dir='ltr' id='par_1_15' title="bbox 676 1943 871 1974">
     <span class='ocr_line' id='line_1_32' title="bbox 676 1943 871 1974; baseline 0 0"><span class='ocrx_word' id='word_1_211' title='bbox 676 1943 725 1974; x_wconf 74' lang='lat' dir='ltr'>Ad</span> <span class='ocrx_word' id='word_1_212' title='bbox 743 1944 871 1974; x_wconf 82' lang='lat' dir='ltr'>Laudes.</span> 
     </span>
    </p>

    <p class='ocr_par' dir='ltr' id='par_1_16' title="bbox 118 2012 1367 2205">
     <span class='ocr_line' id='line_1_33' title="bbox 118 2012 1332 2058; baseline -0.006 -4"><span class='ocrx_word' id='word_1_213' title='bbox 118 2020 148 2054; x_wconf 83' lang='lat'>1.</span> <span class='ocrx_word' id='word_1_214' title='bbox 176 2020 220 2053; x_wconf 88' lang='lat' dir='ltr'>Os</span> <span class='ocrx_word' id='word_1_215' title='bbox 244 2017 357 2058; x_wconf 76' lang='lat' dir='ltr'>nequit</span> <span class='ocrx_word' id='word_1_216' title='bbox 379 2018 469 2049; x_wconf 75' lang='lat' dir='ltr'>tuum</span> <span class='ocrx_word' id='word_1_217' title='bbox 493 2023 652 2056; x_wconf 80' lang='lat' dir='ltr'>promere,</span> <span class='ocrx_word' id='word_1_218' title='bbox 809 2016 838 2048; x_wconf 77' lang='lat'>3.</span> <span class='ocrx_word' id='word_1_219' title='bbox 865 2015 944 2048; x_wconf 77' lang='lat' dir='ltr'>Cum</span> <span class='ocrx_word' id='word_1_220' title='bbox 968 2012 1034 2046; x_wconf 81' lang='lat' dir='ltr'>fide</span> <span class='ocrx_word' id='word_1_221' title='bbox 1058 2022 1133 2054; x_wconf 80' lang='lat' dir='ltr'>spes</span> <span class='ocrx_word' id='word_1_222' title='bbox 1158 2017 1190 2046; x_wconf 77' lang='lat' dir='ltr'>et</span> <span class='ocrx_word' id='word_1_223' title='bbox 1214 2015 1332 2047; x_wconf 72' lang='lat' dir='ltr'>caritas</span> 
     </span>
     <span class='ocr_line' id='line_1_34' title="bbox 176 2062 1367 2105; baseline -0.004 -4"><span class='ocrx_word' id='word_1_224' title='bbox 176 2068 202 2101; x_wconf 92' lang='lat' dir='ltr'>O</span> <span class='ocrx_word' id='word_1_225' title='bbox 227 2066 419 2105; x_wconf 70' lang='lat' dir='ltr'>Kathariua,</span> <span class='ocrx_word' id='word_1_226' title='bbox 446 2063 607 2105; x_wconf 77' lang='lat' dir='ltr'>gaudium,</span> <span class='ocrx_word' id='word_1_227' title='bbox 867 2064 1023 2096; x_wconf 72' lang='lat' dir='ltr'>crescant</span> <span class='ocrx_word' id='word_1_228' title='bbox 1044 2062 1080 2094; x_wconf 83' lang='lat' dir='ltr'>in</span> <span class='ocrx_word' id='word_1_229' title='bbox 1103 2062 1196 2094; x_wconf 84' lang='lat' dir='ltr'>nobis</span> <span class='ocrx_word' id='word_1_230' title='bbox 1221 2064 1367 2096; x_wconf 86' lang='lat' dir='ltr'>omnibus</span> 
     </span>
     <span class='ocr_line' id='line_1_35' title="bbox 176 2109 1216 2155; baseline -0.005 -7"><span class='ocrx_word' id='word_1_231' title='bbox 176 2114 247 2149; x_wconf 83' lang='lat' dir='ltr'>Nec</span> <span class='ocrx_word' id='word_1_232' title='bbox 270 2116 378 2155; x_wconf 81' lang='lat' dir='ltr'>potest</span> <span class='ocrx_word' id='word_1_233' title='bbox 404 2121 459 2145; x_wconf 90' lang='lat' dir='ltr'>cor</span> <span class='ocrx_word' id='word_1_234' title='bbox 485 2112 663 2152; x_wconf 83' lang='lat' dir='ltr'>concipere,</span> <span class='ocrx_word' id='word_1_235' title='bbox 866 2110 912 2142; x_wconf 70' lang='lat' dir='ltr'>Et</span> <span class='ocrx_word' id='word_1_236' title='bbox 934 2109 1061 2142; x_wconf 76' lang='lat' dir='ltr'>illibata</span> <span class='ocrx_word' id='word_1_237' title='bbox 1087 2110 1216 2143; x_wconf 77' lang='lat' dir='ltr'>castitas</span> 
     </span>
     <span class='ocr_line' id='line_1_36' title="bbox 176 2157 1289 2205; baseline -0.003 -9"><span class='ocrx_word' id='word_1_238' title='bbox 176 2163 268 2205; x_wconf 83' lang='lat' dir='ltr'>Quod</span> <span class='ocrx_word' id='word_1_239' title='bbox 293 2161 361 2204; x_wconf 88' lang='lat' dir='ltr'>agis</span> <span class='ocrx_word' id='word_1_240' title='bbox 386 2169 482 2202; x_wconf 81' lang='lat' dir='ltr'>nunc,</span> <span class='ocrx_word' id='word_1_241' title='bbox 508 2160 695 2200; x_wconf 78' lang='lat' dir='ltr'>tripudium.</span> <span class='ocrx_word' id='word_1_242' title='bbox 868 2157 945 2190; x_wconf 83' lang='lat' dir='ltr'>Cum</span> <span class='ocrx_word' id='word_1_243' title='bbox 968 2158 1082 2190; x_wconf 78' lang='lat' dir='ltr'>ceteris</span> <span class='ocrx_word' id='word_1_244' title='bbox 1107 2158 1289 2193; x_wconf 75' lang='lat' dir='ltr'>virtutibus.</span> 
     </span>
    </p>

    <p class='ocr_par' dir='ltr' id='par_1_17' title="bbox 116 2214 1307 2404">
     <span class='ocr_line' id='line_1_37' title="bbox 116 2214 1267 2260; baseline -0.007 -4"><span class='ocrx_word' id='word_1_245' title='bbox 116 2224 149 2256; x_wconf 84' lang='lat'>2.</span> <span class='ocrx_word' id='word_1_246' title='bbox 176 2222 261 2255; x_wconf 80' lang='lat' dir='ltr'>Nam</span> <span class='ocrx_word' id='word_1_247' title='bbox 286 2220 348 2254; x_wconf 89' lang='lat' dir='ltr'>Dei</span> <span class='ocrx_word' id='word_1_248' title='bbox 372 2228 436 2252; x_wconf 88' lang='lat' dir='ltr'>non</span> <span class='ocrx_word' id='word_1_249' title='bbox 460 2219 494 2251; x_wconf 87' lang='lat' dir='ltr'>in</span> <span class='ocrx_word' id='word_1_250' title='bbox 519 2218 662 2260; x_wconf 83' lang='lat' dir='ltr'>speculo,</span> <span class='ocrx_word' id='word_1_251' title='bbox 808 2217 839 2249; x_wconf 67' lang='lat'>4.</span> <span class='ocrx_word' id='word_1_252' title='bbox 868 2215 931 2248; x_wconf 89' lang='lat' dir='ltr'>Uni</span> <span class='ocrx_word' id='word_1_253' title='bbox 958 2214 1106 2256; x_wconf 79' lang='lat' dir='ltr'>trinoque</span> <span class='ocrx_word' id='word_1_254' title='bbox 1130 2215 1267 2248; x_wconf 89' lang='lat' dir='ltr'>Domino</span> 
     </span>
     <span class='ocr_line' id='line_1_38' title="bbox 175 2263 1274 2305; baseline -0.006 -2"><span class='ocrx_word' id='word_1_255' title='bbox 175 2270 242 2303; x_wconf 84' lang='lat' dir='ltr'>Sed</span> <span class='ocrx_word' id='word_1_256' title='bbox 267 2267 350 2303; x_wconf 80' lang='lat' dir='ltr'>facie</span> <span class='ocrx_word' id='word_1_257' title='bbox 374 2268 418 2300; x_wconf 85' lang='lat' dir='ltr'>ad</span> <span class='ocrx_word' id='word_1_258' title='bbox 440 2266 555 2300; x_wconf 84' lang='lat' dir='ltr'>faciem</span> <span class='ocrx_word' id='word_1_259' title='bbox 868 2263 917 2295; x_wconf 80' lang='lat' dir='ltr'>Sit</span> <span class='ocrx_word' id='word_1_260' title='bbox 941 2263 1137 2303; x_wconf 82' lang='lat' dir='ltr'>sempiterna</span> <span class='ocrx_word' id='word_1_261' title='bbox 1161 2264 1274 2305; x_wconf 80' lang='lat' dir='ltr'>gloria,</span> 
     </span>
     <span class='ocr_line' id='line_1_39' title="bbox 178 2311 1307 2351; baseline -0.005 0"><span class='ocrx_word' id='word_1_262' title='bbox 178 2317 338 2351; x_wconf 79' lang='lat' dir='ltr'>Mundato</span> <span class='ocrx_word' id='word_1_263' title='bbox 364 2315 472 2348; x_wconf 82' lang='lat' dir='ltr'>cordis</span> <span class='ocrx_word' id='word_1_264' title='bbox 497 2314 588 2347; x_wconf 87' lang='lat' dir='ltr'>oculo</span> <span class='ocrx_word' id='word_1_265' title='bbox 872 2311 932 2351; x_wconf 70' lang='lat' dir='ltr'>Qui</span> <span class='ocrx_word' id='word_1_266' title='bbox 956 2311 1055 2344; x_wconf 83' lang='lat' dir='ltr'>vitam</span> <span class='ocrx_word' id='word_1_267' title='bbox 1079 2312 1147 2344; x_wconf 83' lang='lat' dir='ltr'>sine</span> <span class='ocrx_word' id='word_1_268' title='bbox 1172 2313 1307 2345; x_wconf 79' lang='lat' dir='ltr'>termino</span> 
     </span>
     <span class='ocr_line' id='line_1_40' title="bbox 176 2359 1290 2404; baseline -0.006 -4"><span class='ocrx_word' id='word_1_269' title='bbox 176 2366 327 2400; x_wconf 82' lang='lat' dir='ltr'>Divinam</span> <span class='ocrx_word' id='word_1_270' title='bbox 348 2363 453 2396; x_wconf 82' lang='lat' dir='ltr'>cernis</span> <span class='ocrx_word' id='word_1_271' title='bbox 478 2361 627 2404; x_wconf 73' lang='lat' dir='ltr'>speciem.</span> <span class='ocrx_word' id='word_1_272' title='bbox 868 2359 970 2392; x_wconf 77' lang='lat' dir='ltr'>Nobis</span> <span class='ocrx_word' id='word_1_273' title='bbox 996 2359 1094 2392; x_wconf 73' lang='lat' dir='ltr'>donet</span> <span class='ocrx_word' id='word_1_274' title='bbox 1116 2359 1150 2392; x_wconf 85' lang='lat' dir='ltr'>in</span> <span class='ocrx_word' id='word_1_275' title='bbox 1174 2361 1290 2400; x_wconf 77' lang='lat' dir='ltr'>patria.</span> 
     </span>
    </p>
   </div>
   <div class='ocr_carea' id='block_1_13' title="bbox 197 2424 1148 2468">
    <p class='ocr_par' dir='ltr' id='par_1_18' title="bbox 197 2424 1148 2468">
     <span class='ocr_line' id='line_1_41' title="bbox 197 2424 1148 2468; baseline -0.008 -6"><span class='ocrx_word' id='word_1_276' title='bbox 197 2432 321 2468; x_wconf 76' lang='lat' dir='ltr'>Antiph.</span> <span class='ocrx_word' id='word_1_277' title='bbox 341 2439 396 2459; x_wconf 86' lang='lat' dir='ltr'>ms.</span> <span class='ocrx_word' id='word_1_278' title='bbox 414 2429 603 2459; x_wconf 80' lang='lat' dir='ltr'>Franciscan.</span> <span class='ocrx_word' id='word_1_279' title='bbox 626 2436 702 2456; x_wconf 82' lang='lat' dir='ltr'>saec.</span> <span class='ocrx_word' id='word_1_280' title='bbox 724 2424 799 2456; x_wconf 72' lang='lat' dir='ltr'>1⁶l17.</span> <span class='ocrx_word' id='word_1_281' title='bbox 844 2425 912 2454; x_wconf 83' lang='lat' dir='ltr'>God.</span> <span class='ocrx_word' id='word_1_282' title='bbox 933 2426 1043 2455; x_wconf 86' lang='lat' dir='ltr'>Lucen.</span> <span class='ocrx_word' id='word_1_283' title='bbox 1064 2424 1148 2454; x_wconf 81' lang='lat'>2674.</span> 
     </span>
    </p>
   </div>
  </div>
 </body>
</html>
