1651 2621
689 120 925 155 *84-

586 211 648 244 135.
678 213 721 243 De
740 214 845 243 sancto
866 211 1031 243 Dominicc.

152 280 182 312 1.
209 280 262 312 Ad
285 280 411 312 Domini
433 282 647 321 praeconium,

210 327 410 360 Dominicum
440 329 493 368 qui
519 329 660 369 colimus,

210 374 290 413 Ejus
315 383 403 406 more
429 376 586 408 (lominica

210 423 386 462 pangamus
410 422 572 455 beneficia.

153 479 184 511 2.
209 479 299 511 Inter
323 481 411 511 astra
434 479 585 511 micantia

213 525 337 557 Novum
362 526 450 558 sidus
473 526 633 559 irradians

210 573 361 605 Aetheris
386 574 451 605 alta
475 574 569 613 petiit

211 620 283 653 Hac
307 621 377 652 luce
401 624 494 660 pater
520 621 661 655 celebris.

154 678 184 709 3.
211 676 348 716 Abjecta
371 678 454 709 mole
480 686 605 716 carnea,

211 725 298 764 Quae
322 725 427 756 carnis
453 725 665 757 delectamina

211 771 364 812 Tempsit,
391 772 430 803 ad
457 781 578 804 summa
601 773 718 811 gaudia

211 818 304 850 Felix
329 819 447 850 volavit
471 819 584 850 anima.

154 876 188 907 4.
215 874 278 906 Hic
302 883 377 907 vero
403 874 488 914 quod
511 875 679 915 insigniter

212 921 312 953 Nobis
337 921 461 961 priscos
486 923 678 962 aequiperet,

212 966 368 1000 Miraris?
398 969 483 1007 audi,
509 970 638 1008 veritas,

213 1015 293 1054 Quid
323 1015 381 1046 tibi
405 1024 527 1047 summa
551 1015 679 1047 referat.

155 1074 187 1105 5.
213 1071 344 1103 Nullum
369 1071 489 1103 habens
513 1071 704 1110 principium

216 1118 396 1159 Carensque
425 1118 489 1150 fine
513 1117 606 1158 filius,

213 1166 273 1207 En,
299 1174 414 1205 operor
438 1166 570 1197 interius

215 1213 293 1245 Alta
316 1214 417 1255 signa,
444 1221 525 1252 quae
550 1213 690 1247 cernitis,

159 1271 191 1302 6.
217 1269 389 1302 Testantur
416 1270 477 1301 hoc
500 1270 662 1307 miracula,

216 1317 302 1356 Quae
326 1318 373 1348 sic
396 1317 521 1356 peragit
545 1317 688 1358 grandia,

216 1364 264 1396 Sit
287 1367 323 1395 ut
348 1364 414 1401 ejus
439 1364 587 1404 vicarius,

217 1411 314 1450 Cujus
344 1411 448 1443 fuerat
473 1409 618 1442 famulus.

847 282 877 314 7.
904 283 1042 315 Privatis
1067 283 1138 315 luce
1162 281 1278 322 gaudia

904 329 1047 361 Luminis
1074 330 1231 370 praebens
1256 327 1351 360 anxia

906 377 986 409 Luci
1010 377 1163 416 probatur
1188 375 1280 409 unice

905 424 1090 456 Cohaesisse
1114 421 1344 464 praefulgidae.

846 482 878 513 8.
904 480 1019 513 Claudi
1041 481 1162 512 redditi
1186 478 1347 520 gressibus

906 527 1035 560 Silendo
1061 535 1183 568 quoque
1204 524 1347 557 referunt

903 576 941 607 In
967 575 1026 606 viis
1053 584 1122 606 eum
1147 572 1250 605 seduli

906 623 1091 655 Cucurrisse
1118 619 1315 653 coelestibus.

847 679 877 711 9.
903 679 1038 719 Expulsi
1065 686 1139 711 vero
1166 678 1334 709 daemones

904 726 1028 766 Cogunt
1049 725 1193 757 homines
1218 723 1358 764 credere,

904 773 998 804 Hunc
1022 773 1099 804 sede
1122 770 1187 803 frui
1211 779 1337 811 supera,

904 819 972 859 Ipsi
997 819 1037 850 de
1061 828 1123 859 qua
1148 820 1343 850 corruerant.

836 876 891 909 10.
905 876 1007 907 Tanto
1033 883 1179 915 rogemus
1204 874 1332 913 latoque

904 922 1125 954 Praeditatum
1150 921 1350 959 charismate,

906 969 974 1007 Quo
998 969 1091 1000 nobis
1116 969 1203 1008 apud
1228 967 1398 999 Dominum

906 1015 954 1047 Sit
976 1015 1174 1047 interventor
1198 1015 1345 1053 optimus.

837 1072 890 1105 11.
906 1071 969 1103 Sed
996 1074 1032 1102 ut
1057 1072 1124 1111 ejus
1149 1071 1190 1102 sit
1216 1069 1332 1103 efficax

906 1118 1025 1155 Oratio,
1053 1126 1132 1158 quae
1155 1117 1298 1158 dederat,

908 1165 1072 1197 Sectemur
1095 1168 1201 1196 mente
1225 1173 1342 1198 cernua

908 1213 1085 1252 Praecepta
1109 1213 1215 1244 cuncti
1240 1213 1368 1244 coelica.

838 1270 892 1303 12.
908 1269 1062 1303 Secundis
1089 1271 1121 1300 et
1145 1270 1330 1309 asperrimis

907 1317 1010 1357 Igitur
1035 1317 1163 1357 spretis,
1190 1316 1328 1349 aetheris

908 1365 1024 1396 Arcem
1049 1366 1195 1404 petamus
1219 1365 1342 1403 pariter

911 1411 1009 1443 Ducis
1033 1414 1201 1453 sequentes
1225 1413 1395 1446 tramitem.

587 1468 642 1500 13.
657 1467 726 1499 Deo
751 1468 837 1506 patri
861 1468 903 1498 sit
926 1468 1037 1507 gloria.

234 1541 319 1569 Brev.
333 1549 385 1569 ms.
404 1540 562 1569 Casinense
585 1549 659 1569 sace.
677 1540 719 1568 11.
752 1542 820 1569 Cod.
835 1542 969 1570 Vatican.
985 1542 1090 1569 Urbin.
1104 1540 1169 1570 5:25.
1193 1542 1257 1570 add.
1276 1550 1352 1570 saec.
1370 1541 1412 1571 13.
1425 1559 1462 1564 -

159 1577 177 1606 3
208 1578 223 1606 1
245 1578 374 1613 Objccta.
394 1593 430 1597 —
451 1578 478 1613 9,
501 1578 516 1606 1
536 1579 688 1615 Expulsis.
709 1594 742 1598 -
764 1578 791 1613 9,
813 1578 831 1606 2
852 1579 974 1615 Cogant.

589 1707 649 1739 136.
682 1707 726 1739 De
746 1709 856 1739 sancta
876 1707 1047 1740 Domitilla.

697 1785 747 1814 Ad
768 1784 925 1823 Vesperas.

163 1856 193 1888 1.
221 1856 338 1894 Pange,
364 1854 481 1894 lingua,
507 1853 691 1886 Domitillae

267 1901 405 1941 Virginis
430 1902 643 1941 praeconium,

222 1949 319 1989 Virgo
343 1948 486 1989 prudens
510 1949 594 1980 sicut
615 1949 700 1987 illae,

268 1997 354 2035 Quae
377 1999 579 2035 sumpserunt
603 1996 716 2037 oleum,

223 2043 362 2076 Cursitat
385 2046 421 2074 ut
444 2044 499 2075 lux
524 2043 682 2075 scintillae

269 2092 347 2123 Post
372 2091 530 2122 excelsum
557 2090 736 2125 Dominum.

165 2149 196 2180 2.
222 2147 402 2180 Bethsamis
427 2147 520 2179 vallis
545 2147 711 2181 abundans

270 2194 436 2226 Domitilla
462 2195 600 2237 sapiens,

223 2242 322 2274 Stella
348 2242 437 2282 coeli,
463 2251 537 2275 rosa
562 2251 706 2286 vernans,

271 2289 451 2322 Occidentis
477 2290 591 2332 oriens,

224 2337 358 2370 Nostras
382 2337 530 2369 tenebras
555 2337 713 2378 repellens

272 2385 378 2419 Verbo
402 2384 487 2417 vitae
510 2385 705 2424 splendienS.

844 1856 874 1889 3.
901 1855 948 1887 Te
971 1854 1111 1887 illustrat
1136 1856 1292 1894 gloriosus

951 1902 1078 1935 Candor
1102 1902 1182 1934 lucis
1207 1904 1355 1944 omnium,

901 1950 948 1982 Te
971 1949 1106 1982 honorat
1129 1958 1229 1989 purus
1255 1951 1369 1983 chorus

950 1997 1180 2036 sacrarumque
1204 1997 1373 2040 virginum,

901 2045 957 2085 Te,
983 2045 1101 2085 puella,
1127 2045 1245 2083 gaudet
1268 2045 1402 2079 thronus

948 2092 1109 2124 Virtutum
1135 2093 1327 2128 coelestium.

843 2149 875 2182 4.
900 2149 979 2180 Alta
1004 2148 1117 2180 cedrus
1141 2148 1294 2193 paradisi,

948 2195 1113 2235 Virginale
1135 2196 1248 2236 lilium,

902 2243 1090 2275 Adamantis
1115 2244 1248 2282 pretiosi

949 2289 995 2323 Ob
1022 2288 1105 2322 forte
1128 2292 1316 2332 martyrium

903 2338 949 2370 Es
976 2337 1120 2369 columna
1143 2339 1283 2380 gloriosi,

952 2385 1089 2417 Fructus
1115 2388 1147 2417 et
1170 2388 1355 2426 pomerium.
