1651 2621
713 103 969 138 —2502—

599 197 660 228 421.
691 196 734 227 De
754 196 863 228 saneta
881 194 1084 227 Scholastica„

726 262 771 292 Ad
790 262 945 299 Vesperas.

194 323 226 356 1.
255 323 391 366 Christe,
417 323 598 363 redemptor
623 322 769 366 omnium,

252 370 379 403 Exaudi
403 379 513 409 preces
539 371 726 411 supplicum,

252 417 334 456 Quos
359 418 521 449 redemisti
545 418 705 458 sanguine,

250 464 346 496 Nullo
369 466 495 497 deseras
517 468 667 505 tempore.

218 547 224 553 .
250 520 386 564 Laudes,
411 521 470 552 tibi
495 530 571 560 quas
597 523 744 560 canimus,

254 568 386 609 Suscipe
409 572 524 610 grates,
547 577 603 600 rex
626 570 706 611 piuS,

252 615 319 647 Nos
345 615 558 647 Scholasticae
576 615 702 659 jugibus

250 662 299 693 Tu
320 662 393 694 fove
417 663 533 694 sanctis
556 663 713 702 precibus.

218 742 225 750 .
252 719 338 757 Quae
365 720 459 750 dante
483 722 537 750 tua
561 720 663 759 gratia

252 765 298 797 Te
323 767 427 797 colens
452 774 546 805 super
570 768 682 804 omnia,

250 812 377 844 Dudum
402 815 435 843 tu
463 813 527 851 eJ'us
552 813 690 844 lacrimis

251 859 389 891 Imbrem
415 859 529 890 dedisti
555 869 592 891 ex
617 860 748 900 superis.

869 323 902 356 4.
930 321 1137 361 Scholastica,
1164 322 1252 361 virgo
1277 320 1350 360 Dei,

927 369 1032 402 Decus
1057 372 1238 401 sanctarum
1264 368 1432 409 virginum,

926 417 1055 456 Sprevit
1079 419 1192 448 cuncta
1216 416 1335 447 saeculi

925 464 1092 504 sequendo
1118 464 1280 496 Christum
1309 463 1492 497 Dominum,

891 548 897 555 .
925 520 1081 554 Conemur
1103 521 1179 552 totis
1204 520 1334 559 viribus,

925 569 1098 608 Jungamus
1123 576 1235 607 preces
1258 568 1418 610 precibus,

925 615 972 649 Ut
995 615 1212 647 Scholasticae
1235 615 1358 646 meritis

927 662 1013 696 00011
1038 661 1182 694 fruamur
1206 662 1342 703 gaudiiS.

892 746 899 753 .
924 719 1019 759 Laus,
1044 719 1154 757 honor,
1181 720 1292 760 virm,
1320 719 1432 759 gloria,

924 766 1077 805 Regnum,
1104 774 1220 806 perpes
1245 766 1381 797 victoria

924 812 974 845 Sit
992 813 1077 851 patri
1102 822 1171 845 cum
1195 813 1261 845 filio

925 859 1063 891 Flamini
1086 869 1120 892 se
1146 860 1302 892 continuo.

268 925 352 952 Brev.
374 925 402 952 S.
420 923 525 952 Gratae
544 925 712 960 Pei-gamen.
733 933 807 952 saec.
818 923 891 952 1⁵l18.
917 924 987 952 Cod.
1003 924 1186 952 Ambrosian.
1199 925 1225 953 Τ
1237 922 1275 952 43
1296 933 1359 961 sup.
1374 939 1412 943 —
1424 924 1451 959 4,
1471 923 1493 953 3

191 961 264 989 fehlt
287 963 351 989 eine
374 961 466 996 Silbc3
492 962 546 990 lies
567 963 740 997 contempsit
758 964 880 990 cuncta?
908 962 978 990 oder
997 964 1108 998 sprevit
1128 963 1255 990 caduca?
1278 977 1310 981 —
1333 962 1359 998 6,
1380 961 1397 990 3
1417 963 1492 991 fehlt

192 999 331 1026 ebenfalls
352 1001 417 1027 eine
437 998 526 1027 Silbe.

592 1081 660 1112 422.
690 1081 734 1111 De
753 1083 862 1112 sancta
880 1081 1080 1113 Scholastica.

713 1147 760 1176 Ad
779 1148 967 1178 Nocturnum.

193 1206 224 1237 1.
251 1205 337 1237 Coeli
362 1207 456 1244 civeS,
483 1206 667 1245 applaudite

248 1252 293 1284 Et
316 1262 382 1292 vos,
409 1250 534 1291 fratres,
561 1253 715 1284 concinite

246 1298 361 1330 Matris
386 1301 513 1331 nostrae
537 1300 687 1331 solemnia

249 1345 330 1377 Solis
355 1345 481 1377 reduxit
506 1346 618 1378 orbita.

216 1427 223 1433 .
249 1402 333 1433 Hinc
358 1410 431 1441 ergo
457 1402 569 1440 psalmi
595 1403 751 1441 resonent,

250 1449 335 1481 Hinc
359 1448 509 1480 lectiones
534 1451 730 1489 concrepent,

249 1495 294 1526 Et
318 1496 502 1534 hymnorum
530 1495 711 1527 dulcissima

249 1542 504 1581 Multiplicentur
529 1543 659 1574 cantica.

214 1623 220 1630 .
246 1598 335 1637 Quod
359 1598 467 1636 lingua
492 1597 568 1629 foris
593 1602 751 1639 personat,

247 1645 337 1676 Intus
362 1643 492 1676 affectus
516 1646 633 1677 sentiat,

248 1690 316 1722 Nec
339 1691 457 1723 imitari
480 1691 596 1733 pigeat,

248 1738 337 1776 Quod
361 1738 491 1769 laudare
515 1747 603 1770 mens
628 1739 794 1779 approbat.

864 1209 896 1240 4.
921 1206 1013 1239 Hanc
1037 1210 1110 1247 post
1133 1208 1244 1240 mundi
1269 1208 1428 1240 curricula

922 1254 1011 1287 Vidit
1036 1258 1162 1287 sanctus
1186 1256 1379 1287 Benedictus

921 1303 959 1334 In
985 1302 1146 1333 columbae
1168 1301 1317 1342 specifica

926 1348 1050 1380 Goelum
1076 1349 1124 1380 ire
1150 1350 1310 1382 divinitus.

889 1429 896 1436 .
923 1404 1128 1445 Scholastica,
1160 1407 1246 1447 virgo
1272 1407 1401 1449 optima,

922 1451 1013 1483 Salus
1037 1455 1147 1484 nostra
1173 1457 1207 1485 tu
1232 1454 1380 1492 omnium,

921 1497 1014 1529 Fusis
1039 1508 1206 1538 precamur
1230 1501 1371 1539 vocibus,

922 1545 1052 1584 AdJ'uva
1076 1548 1193 1579 sanctis
1217 1548 1376 1586 precibus.

889 1625 896 1632 .
921 1601 1005 1632 Dum
1026 1601 1086 1633 hoc
1110 1612 1270 1635 manemus
1296 1605 1432 1645 saeculo,

922 1647 1015 1679 Vitae
1038 1650 1200 1682 trahentes
1225 1650 1383 1688 tenebras,

923 1695 985 1726 Per
1009 1699 1051 1735 te,
1077 1706 1231 1736 rogamus,
1255 1698 1373 1737 J'ugiter

922 1742 1046 1781 Lapsus
1070 1744 1164 1776 vitari
1187 1745 1350 1785 pessimos,

583 1797 611 1829 7.
639 1795 688 1827 Sit
710 1796 777 1834 tibi,
803 1796 878 1829 Jesu
902 1798 1046 1839 Domine,

644 1843 760 1883 Virtus,
786 1844 896 1885 honor,
922 1846 1099 1887 imperium,

638 1890 696 1929 Qui
721 1899 834 1930 regnas
859 1895 932 1923 ante
955 1894 1081 1926 saecula

642 1937 719 1970 Cum
742 1941 845 1978 patre,
872 1942 979 1973 sancto
1004 1942 1129 1981 spiritu.

260 2001 344 2028 Brev.
365 2009 417 2028 ms.
439 2000 467 2028 S.
488 2001 596 2029 Gratae
614 2003 783 2038 Pergamen.
804 2011 879 2031 saec.
900 2002 974 2033 1⁵l1s.
1008 2005 1076 2033 Cod.
1097 2007 1279 2037 Ambrosian.
1300 2011 1325 2038 T
1344 2009 1382 2039 43
1403 2021 1466 2049 sup.

586 2093 653 2125 423.
683 2094 728 2124 De
747 2096 857 2125 sancta
876 2095 1077 2128 Scholastica.

736 2161 784 2190 Ad
803 2162 929 2193 Laudes.

209 2242 217 2250 .
243 2216 393 2250 Laetetur
417 2228 494 2259 grex
519 2220 711 2254 humillimus

243 2265 405 2305 Virginum
429 2269 525 2307 atque
548 2269 694 2309 populus,

242 2311 344 2351 Hujus
370 2312 484 2345 festum
507 2315 654 2348 laudibus

243 2358 343 2391 Glaris
369 2365 459 2393 ornet
481 2363 640 2402 operibus¹

865 2224 897 2257 2.
923 2223 1013 2256 Haec
1037 2229 1146 2265 spreta
1169 2228 1279 2260 mundi
1304 2231 1422 2270 gaudia

920 2272 1007 2305 Coeli
1033 2273 1125 2305 cubat
1149 2275 1182 2306 in
1208 2275 1297 2315 solio,

920 2319 1000 2358 Ejus
1025 2321 1178 2354 virtutum
1203 2324 1318 2357 merita

920 2365 1040 2399 Nostra
1064 2374 1204 2410 pangant
1229 2372 1391 2408 coenobia.
