<?xml version="1.0" encoding="UTF-8"?>
<!DOCTYPE html PUBLIC "-//W3C//DTD XHTML 1.0 Transitional//EN"
    "http://www.w3.org/TR/xhtml1/DTD/xhtml1-transitional.dtd">
<html xmlns="http://www.w3.org/1999/xhtml" xml:lang="en" lang="en">
 <head>
  <title>
</title>
<meta http-equiv="Content-Type" content="text/html;charset=utf-8" />
  <meta name='ocr-system' content='tesseract 3.04.00' />
  <meta name='ocr-capabilities' content='ocr_page ocr_carea ocr_par ocr_line ocrx_word'/>
</head>
<body>
  <div class='ocr_page' id='page_1' title='image "./analectahymnica22drevuoft_00177.png"; bbox 0 0 1651 2621; ppageno 0'>
   <div class='ocr_carea' id='block_1_1' title="bbox 730 152 985 187">
    <p class='ocr_par' dir='ltr' id='par_1_1' title="bbox 730 152 985 187">
     <span class='ocr_line' id='line_1_1' title="bbox 730 152 985 187; baseline 0 0"><span class='ocrx_word' id='word_1_1' title='bbox 730 152 985 187; x_wconf 79' lang='lat'>-174—-</span> 
     </span>
    </p>
   </div>
   <div class='ocr_carea' id='block_1_2' title="bbox 212 252 740 427">
    <p class='ocr_par' dir='ltr' id='par_1_2' title="bbox 212 252 740 427">
     <span class='ocr_line' id='line_1_2' title="bbox 212 252 677 287; baseline -0.006 -1"><span class='ocrx_word' id='word_1_2' title='bbox 212 255 242 286; x_wconf 87' lang='grc'>’7.</span> <span class='ocrx_word' id='word_1_3' title='bbox 270 254 391 287; x_wconf 86' lang='lat' dir='ltr'>Sutoris</span> <span class='ocrx_word' id='word_1_4' title='bbox 416 262 541 286; x_wconf 87' lang='lat' dir='ltr'>manum</span> <span class='ocrx_word' id='word_1_5' title='bbox 565 252 677 285; x_wconf 82' lang='lat' dir='ltr'>subula</span> 
     </span>
     <span class='ocr_line' id='line_1_3' title="bbox 266 299 740 340; baseline -0.008 -7"><span class='ocrx_word' id='word_1_6' title='bbox 266 299 444 333; x_wconf 82' lang='lat' dir='ltr'>Perfossam</span> <span class='ocrx_word' id='word_1_7' title='bbox 468 302 560 340; x_wconf 89' lang='lat' dir='ltr'>sputo</span> <span class='ocrx_word' id='word_1_8' title='bbox 583 307 740 338; x_wconf 87' lang='lat' dir='ltr'>recreans,</span> 
     </span>
     <span class='ocr_line' id='line_1_4' title="bbox 269 345 700 381; baseline -0.009 0"><span class='ocrx_word' id='word_1_9' title='bbox 269 349 459 381; x_wconf 84' lang='lat' dir='ltr'>Conversum</span> <span class='ocrx_word' id='word_1_10' title='bbox 485 356 553 379; x_wconf 89' lang='lat' dir='ltr'>cum</span> <span class='ocrx_word' id='word_1_11' title='bbox 578 345 700 379; x_wconf 84' lang='lat' dir='ltr'>familia</span> 
     </span>
     <span class='ocr_line' id='line_1_5' title="bbox 268 394 699 427; baseline -0.009 0"><span class='ocrx_word' id='word_1_12' title='bbox 268 395 385 427; x_wconf 84' lang='lat' dir='ltr'>Fecisti</span> <span class='ocrx_word' id='word_1_13' title='bbox 409 403 499 427; x_wconf 83' lang='lat' dir='ltr'>ovem</span> <span class='ocrx_word' id='word_1_14' title='bbox 523 394 699 426; x_wconf 85' lang='lat' dir='ltr'>candidam.</span> 
     </span>
    </p>
   </div>
   <div class='ocr_carea' id='block_1_3' title="bbox 210 451 762 631">
    <p class='ocr_par' dir='ltr' id='par_1_3' title="bbox 210 451 762 631">
     <span class='ocr_line' id='line_1_6' title="bbox 210 451 636 492; baseline -0.005 -8"><span class='ocrx_word' id='word_1_15' title='bbox 210 453 240 485; x_wconf 88' lang='lat'>8.</span> <span class='ocrx_word' id='word_1_16' title='bbox 267 451 333 482; x_wconf 86' lang='lat' dir='ltr'>Nos</span> <span class='ocrx_word' id='word_1_17' title='bbox 359 459 431 492; x_wconf 83' lang='lat' dir='ltr'>ergo</span> <span class='ocrx_word' id='word_1_18' title='bbox 455 451 636 483; x_wconf 84' lang='lat' dir='ltr'>beatissime</span> 
     </span>
     <span class='ocr_line' id='line_1_7' title="bbox 268 497 762 536; baseline -0.008 -6"><span class='ocrx_word' id='word_1_19' title='bbox 268 499 438 530; x_wconf 86' lang='lat' dir='ltr'>Precamur</span> <span class='ocrx_word' id='word_1_20' title='bbox 461 498 570 530; x_wconf 80' lang='lat' dir='ltr'>Marce</span> <span class='ocrx_word' id='word_1_21' title='bbox 594 497 762 536; x_wconf 80' lang='lat' dir='ltr'>supplices,</span> 
     </span>
     <span class='ocr_line' id='line_1_8' title="bbox 268 543 671 584; baseline -0.005 -7"><span class='ocrx_word' id='word_1_22' title='bbox 268 545 405 577; x_wconf 84' lang='lat' dir='ltr'>Obtentu</span> <span class='ocrx_word' id='word_1_23' title='bbox 429 548 531 577; x_wconf 85' lang='lat' dir='ltr'>castos</span> <span class='ocrx_word' id='word_1_24' title='bbox 556 543 671 584; x_wconf 87' lang='lat' dir='ltr'>perfice</span> 
     </span>
     <span class='ocr_line' id='line_1_9' title="bbox 267 591 638 631; baseline 0 -8"><span class='ocrx_word' id='word_1_25' title='bbox 267 592 311 623; x_wconf 86' lang='lat' dir='ltr'>Et</span> <span class='ocrx_word' id='word_1_26' title='bbox 334 601 353 623; x_wconf 87' lang='lat' dir='ltr'>a</span> <span class='ocrx_word' id='word_1_27' title='bbox 373 592 511 631; x_wconf 87' lang='lat' dir='ltr'>peccatis</span> <span class='ocrx_word' id='word_1_28' title='bbox 536 591 638 624; x_wconf 86' lang='lat' dir='ltr'>ablue.</span> 
     </span>
    </p>
   </div>
   <div class='ocr_carea' id='block_1_4' title="bbox 895 240 1442 427">
    <p class='ocr_par' dir='ltr' id='par_1_4' title="bbox 895 240 1442 427">
     <span class='ocr_line' id='line_1_10' title="bbox 895 240 1414 282; baseline -0.021 -1"><span class='ocrx_word' id='word_1_29' title='bbox 895 250 925 282; x_wconf 89' lang='lat'>9.</span> <span class='ocrx_word' id='word_1_30' title='bbox 951 245 1066 280; x_wconf 90' lang='lat' dir='ltr'>Procul</span> <span class='ocrx_word' id='word_1_31' title='bbox 1091 255 1111 277; x_wconf 87' lang='lat' dir='ltr'>a</span> <span class='ocrx_word' id='word_1_32' title='bbox 1134 243 1224 277; x_wconf 90' lang='lat' dir='ltr'>nobis</span> <span class='ocrx_word' id='word_1_33' title='bbox 1250 240 1414 276; x_wconf 56' lang='lat' dir='ltr'>subdolus</span> 
     </span>
     <span class='ocr_line' id='line_1_11' title="bbox 950 293 1442 330; baseline -0.018 -4"><span class='ocrx_word' id='word_1_34' title='bbox 950 295 995 327; x_wconf 81' lang='lat' dir='ltr'>Te</span> <span class='ocrx_word' id='word_1_35' title='bbox 1019 293 1221 325; x_wconf 78' lang='lat' dir='ltr'>obsecrantes</span> <span class='ocrx_word' id='word_1_36' title='bbox 1245 294 1442 330; x_wconf 83' lang='lat' dir='ltr'>quaesumus,</span> 
     </span>
     <span class='ocr_line' id='line_1_12' title="bbox 950 336 1395 379; baseline -0.018 -5"><span class='ocrx_word' id='word_1_37' title='bbox 950 340 1113 375; x_wconf 79' lang='lat' dir='ltr'>Abscedat</span> <span class='ocrx_word' id='word_1_38' title='bbox 1136 342 1231 379; x_wconf 86' lang='lat' dir='ltr'>atque</span> <span class='ocrx_word' id='word_1_39' title='bbox 1254 336 1395 369; x_wconf 86' lang='lat' dir='ltr'>lubricus</span> 
     </span>
     <span class='ocr_line' id='line_1_13' title="bbox 951 384 1405 427; baseline -0.015 -6"><span class='ocrx_word' id='word_1_40' title='bbox 951 389 1109 421; x_wconf 82' lang='lat' dir='ltr'>Bonorum</span> <span class='ocrx_word' id='word_1_41' title='bbox 1133 386 1243 427; x_wconf 83' lang='lat' dir='ltr'>anguis</span> <span class='ocrx_word' id='word_1_42' title='bbox 1267 384 1405 416; x_wconf 86' lang='lat' dir='ltr'>invidus.</span> 
     </span>
    </p>
   </div>
   <div class='ocr_carea' id='block_1_5' title="bbox 883 440 1395 481">
    <p class='ocr_par' dir='ltr' id='par_1_5' title="bbox 883 440 1395 481">
     <span class='ocr_line' id='line_1_14' title="bbox 883 440 1395 481; baseline -0.018 -1"><span class='ocrx_word' id='word_1_43' title='bbox 883 448 936 480; x_wconf 87' lang='grc'>10.</span> <span class='ocrx_word' id='word_1_44' title='bbox 952 446 1078 478; x_wconf 86' lang='lat' dir='ltr'>Summe</span> <span class='ocrx_word' id='word_1_45' title='bbox 1102 443 1251 476; x_wconf 86' lang='lat' dir='ltr'>sacerdos</span> <span class='ocrx_word' id='word_1_46' title='bbox 1276 440 1395 481; x_wconf 87' lang='lat' dir='ltr'>inclite,</span> 
     </span>
    </p>
   </div>
   <div class='ocr_carea' id='block_1_6' title="bbox 950 491 1422 572">
    <p class='ocr_par' dir='ltr' id='par_1_6' title="bbox 950 491 1422 572">
     <span class='ocr_line' id='line_1_15' title="bbox 951 491 1394 531; baseline -0.018 -6"><span class='ocrx_word' id='word_1_47' title='bbox 951 492 1108 531; x_wconf 69' lang='lat' dir='ltr'>Martyrio</span> <span class='ocrx_word' id='word_1_48' title='bbox 1134 491 1187 531; x_wconf 87' lang='lat' dir='ltr'>qui</span> <span class='ocrx_word' id='word_1_49' title='bbox 1211 497 1324 530; x_wconf 87' lang='lat' dir='ltr'>passus</span> <span class='ocrx_word' id='word_1_50' title='bbox 1351 496 1394 529; x_wconf 82' lang='lat' dir='ltr'>es,</span> 
     </span>
     <span class='ocr_line' id='line_1_16' title="bbox 950 534 1422 572; baseline -0.015 -1"><span class='ocrx_word' id='word_1_51' title='bbox 950 539 1104 572; x_wconf 82' lang='lat' dir='ltr'>Adversis</span> <span class='ocrx_word' id='word_1_52' title='bbox 1129 547 1186 570; x_wconf 89' lang='lat' dir='ltr'>nos</span> <span class='ocrx_word' id='word_1_53' title='bbox 1212 537 1251 568; x_wconf 87' lang='lat' dir='ltr'>ab</span> <span class='ocrx_word' id='word_1_54' title='bbox 1278 534 1422 567; x_wconf 88' lang='lat' dir='ltr'>omnibus</span> 
     </span>
    </p>
   </div>
   <div class='ocr_carea' id='block_1_7' title="bbox 951 583 1344 625">
    <p class='ocr_par' dir='ltr' id='par_1_7' title="bbox 951 583 1344 625">
     <span class='ocr_line' id='line_1_17' title="bbox 951 583 1344 625; baseline -0.005 -7"><span class='ocrx_word' id='word_1_55' title='bbox 951 587 1027 618; x_wconf 87' lang='lat' dir='ltr'>Tuis</span> <span class='ocrx_word' id='word_1_56' title='bbox 1048 586 1162 625; x_wconf 86' lang='lat' dir='ltr'>juvare</span> <span class='ocrx_word' id='word_1_57' title='bbox 1185 583 1344 624; x_wconf 80' lang='lat' dir='ltr'>precibuS.</span> 
     </span>
    </p>
   </div>
   <div class='ocr_carea' id='block_1_8' title="bbox 547 643 1087 825">
    <p class='ocr_par' dir='ltr' id='par_1_8' title="bbox 547 643 1087 825">
     <span class='ocr_line' id='line_1_18' title="bbox 547 643 1002 684; baseline -0.015 -4"><span class='ocrx_word' id='word_1_58' title='bbox 547 648 600 680; x_wconf 84' lang='lat'>11.</span> <span class='ocrx_word' id='word_1_59' title='bbox 626 647 672 679; x_wconf 76' lang='lat' dir='ltr'>Ut</span> <span class='ocrx_word' id='word_1_60' title='bbox 694 645 856 676; x_wconf 85' lang='lat' dir='ltr'>bea-torum</span> <span class='ocrx_word' id='word_1_61' title='bbox 881 643 1002 684; x_wconf 82' lang='lat' dir='ltr'>gaudiis</span> 
     </span>
     <span class='ocr_line' id='line_1_19' title="bbox 623 689 1023 729; baseline -0.01 -5"><span class='ocrx_word' id='word_1_62' title='bbox 623 693 699 724; x_wconf 87' lang='lat' dir='ltr'>Tuis</span> <span class='ocrx_word' id='word_1_63' title='bbox 723 694 845 723; x_wconf 85' lang='lat' dir='ltr'>nosmet</span> <span class='ocrx_word' id='word_1_64' title='bbox 869 689 1023 729; x_wconf 87' lang='lat' dir='ltr'>suffragiis</span> 
     </span>
     <span class='ocr_line' id='line_1_20' title="bbox 625 737 1021 779; baseline -0.01 -7"><span class='ocrx_word' id='word_1_65' title='bbox 625 739 801 779; x_wconf 86' lang='lat' dir='ltr'>Conjungat</span> <span class='ocrx_word' id='word_1_66' title='bbox 823 747 887 769; x_wconf 83' lang='lat' dir='ltr'>una</span> <span class='ocrx_word' id='word_1_67' title='bbox 912 737 1021 779; x_wconf 81' lang='lat' dir='ltr'>deitaS,</span> 
     </span>
     <span class='ocr_line' id='line_1_21' title="bbox 625 783 1087 825; baseline 0 -8"><span class='ocrx_word' id='word_1_68' title='bbox 625 786 682 825; x_wconf 78' lang='lat' dir='ltr'>Qui</span> <span class='ocrx_word' id='word_1_69' title='bbox 709 786 790 825; x_wconf 84' lang='lat' dir='ltr'>regit</span> <span class='ocrx_word' id='word_1_70' title='bbox 815 787 926 816; x_wconf 85' lang='lat' dir='ltr'>cuncta</span> <span class='ocrx_word' id='word_1_71' title='bbox 949 783 1087 817; x_wconf 82' lang='lat' dir='ltr'>saecula.</span> 
     </span>
    </p>
   </div>
   <div class='ocr_carea' id='block_1_9' title="bbox 206 841 1506 1152">
    <p class='ocr_par' dir='ltr' id='par_1_9' title="bbox 206 841 1506 1152">
     <span class='ocr_line' id='line_1_22' title="bbox 282 841 1503 888; baseline -0.007 -10"><span class='ocrx_word' id='word_1_72' title='bbox 282 852 390 886; x_wconf 86' lang='lat' dir='ltr'>Hymn.</span> <span class='ocrx_word' id='word_1_73' title='bbox 416 860 468 879; x_wconf 91' lang='lat' dir='ltr'>ms.</span> <span class='ocrx_word' id='word_1_74' title='bbox 489 851 666 879; x_wconf 84' lang='lat' dir='ltr'>Benedictin.</span> <span class='ocrx_word' id='word_1_75' title='bbox 687 850 816 879; x_wconf 80' lang='lat' dir='ltr'>Brixien.</span> <span class='ocrx_word' id='word_1_76' title='bbox 844 857 919 876; x_wconf 83' lang='lat' dir='ltr'>saec.</span> <span class='ocrx_word' id='word_1_77' title='bbox 948 846 990 876; x_wconf 85' lang='lat'>13.</span> <span class='ocrx_word' id='word_1_78' title='bbox 1031 847 1099 875; x_wconf 87' lang='lat' dir='ltr'>Cod.</span> <span class='ocrx_word' id='word_1_79' title='bbox 1120 849 1209 877; x_wconf 88' lang='lat' dir='ltr'>Univ.</span> <span class='ocrx_word' id='word_1_80' title='bbox 1229 846 1391 874; x_wconf 84' lang='lat' dir='ltr'>Bononien.</span> <span class='ocrx_word' id='word_1_81' title='bbox 1419 841 1503 888; x_wconf 49' lang='lat'>2493:</span> 
     </span>
     <span class='ocr_line' id='line_1_23' title="bbox 209 880 1504 918; baseline -0.006 -2"><span class='ocrx_word' id='word_1_82' title='bbox 209 889 243 916; x_wconf 88' lang='lat' dir='ltr'>A.</span> <span class='ocrx_word' id='word_1_83' title='bbox 264 904 300 908; x_wconf 90' lang='lat'>—</span> <span class='ocrx_word' id='word_1_84' title='bbox 321 888 401 915; x_wconf 86' lang='lat' dir='ltr'>Offic.</span> <span class='ocrx_word' id='word_1_85' title='bbox 420 898 472 916; x_wconf 87' lang='lat' dir='ltr'>ms.</span> <span class='ocrx_word' id='word_1_86' title='bbox 493 889 521 916; x_wconf 83' lang='lat' dir='ltr'>S.</span> <span class='ocrx_word' id='word_1_87' title='bbox 535 889 629 916; x_wconf 83' lang='lat' dir='ltr'>Marci</span> <span class='ocrx_word' id='word_1_88' title='bbox 649 896 723 915; x_wconf 87' lang='lat' dir='ltr'>saec.</span> <span class='ocrx_word' id='word_1_89' title='bbox 740 885 783 914; x_wconf 84' lang='lat'>16.</span> <span class='ocrx_word' id='word_1_90' title='bbox 813 887 881 915; x_wconf 82' lang='lat' dir='ltr'>Ood.</span> <span class='ocrx_word' id='word_1_91' title='bbox 902 887 1041 914; x_wconf 84' lang='lat' dir='ltr'>Marcian.</span> <span class='ocrx_word' id='word_1_92' title='bbox 1062 886 1088 913; x_wconf 89' lang='lat' dir='ltr'>L</span> <span class='ocrx_word' id='word_1_93' title='bbox 1107 886 1139 914; x_wconf 88' lang='lat'>11</span> <span class='ocrx_word' id='word_1_94' title='bbox 1158 883 1203 913; x_wconf 85' lang='lat'>93.</span> <span class='ocrx_word' id='word_1_95' title='bbox 1224 885 1257 912; x_wconf 91' lang='lat' dir='ltr'>B.</span> <span class='ocrx_word' id='word_1_96' title='bbox 1271 898 1310 902; x_wconf 91' lang='lat'>—</span> <span class='ocrx_word' id='word_1_97' title='bbox 1329 881 1355 916; x_wconf 83' lang='lat'>2,</span> <span class='ocrx_word' id='word_1_98' title='bbox 1377 880 1394 910; x_wconf 84' lang='lat'>3</span> <span class='ocrx_word' id='word_1_99' title='bbox 1415 890 1504 918; x_wconf 81' lang='lat' dir='ltr'>agoni</span> 
     </span>
     <span class='ocr_line' id='line_1_24' title="bbox 211 917 1506 963; baseline -0.005 -10"><span class='ocrx_word' id='word_1_100' title='bbox 211 927 329 962; x_wconf 79' lang='lat' dir='ltr'>praevio</span> <span class='ocrx_word' id='word_1_101' title='bbox 351 927 382 953; x_wconf 83' lang='lat' dir='ltr'>B.</span> <span class='ocrx_word' id='word_1_102' title='bbox 403 943 439 947; x_wconf 94' lang='lat'>—</span> <span class='ocrx_word' id='word_1_103' title='bbox 462 925 487 959; x_wconf 83' lang='lat'>2,</span> <span class='ocrx_word' id='word_1_104' title='bbox 508 925 527 953; x_wconf 99' lang='lat'>4</span> <span class='ocrx_word' id='word_1_105' title='bbox 545 929 628 962; x_wconf 87' lang='lat' dir='ltr'>parto</span> <span class='ocrx_word' id='word_1_106' title='bbox 648 926 752 953; x_wconf 80' lang='lat' dir='ltr'>merito</span> <span class='ocrx_word' id='word_1_107' title='bbox 773 925 805 952; x_wconf 93' lang='lat' dir='ltr'>B.</span> <span class='ocrx_word' id='word_1_108' title='bbox 820 939 856 943; x_wconf 93' lang='lat'>—</span> <span class='ocrx_word' id='word_1_109' title='bbox 877 922 903 957; x_wconf 84' lang='lat'>3,</span> <span class='ocrx_word' id='word_1_110' title='bbox 923 922 941 952; x_wconf 87' lang='lat'>3</span> <span class='ocrx_word' id='word_1_111' title='bbox 960 924 1049 952; x_wconf 88' lang='lat' dir='ltr'>Libia</span> <span class='ocrx_word' id='word_1_112' title='bbox 1065 924 1098 957; x_wconf 87' lang='lat' dir='ltr'>B,</span> <span class='ocrx_word' id='word_1_113' title='bbox 1119 923 1294 951; x_wconf 85' lang='lat' dir='ltr'>Marmarice</span> <span class='ocrx_word' id='word_1_114' title='bbox 1307 921 1366 949; x_wconf 88' lang='lat' dir='ltr'>AB.</span> <span class='ocrx_word' id='word_1_115' title='bbox 1381 936 1419 939; x_wconf 97' lang='lat'><strong>—</strong></span> <span class='ocrx_word' id='word_1_116' title='bbox 1437 917 1464 952; x_wconf 82' lang='lat'>4,</span> <span class='ocrx_word' id='word_1_117' title='bbox 1486 917 1506 963; x_wconf 77' lang='lat'>4</span> 
     </span>
     <span class='ocr_line' id='line_1_25' title="bbox 211 959 1504 999; baseline -0.005 -7"><span class='ocrx_word' id='word_1_118' title='bbox 211 965 273 997; x_wconf 80' lang='lat' dir='ltr'>Quo</span> <span class='ocrx_word' id='word_1_119' title='bbox 294 964 326 990; x_wconf 88' lang='lat' dir='ltr'>B·</span> <span class='ocrx_word' id='word_1_120' title='bbox 347 977 383 981; x_wconf 89' lang='lat'>—</span> <span class='ocrx_word' id='word_1_121' title='bbox 403 963 429 999; x_wconf 85' lang='lat'>5,</span> <span class='ocrx_word' id='word_1_122' title='bbox 451 962 468 991; x_wconf 84' lang='lat'>2</span> <span class='ocrx_word' id='word_1_123' title='bbox 488 964 632 992; x_wconf 87' lang='lat' dir='ltr'>Immundi</span> <span class='ocrx_word' id='word_1_124' title='bbox 651 964 686 989; x_wconf 86' lang='lat' dir='ltr'>B.</span> <span class='ocrx_word' id='word_1_125' title='bbox 702 979 738 983; x_wconf 97' lang='lat'>—</span> <span class='ocrx_word' id='word_1_126' title='bbox 759 961 784 994; x_wconf 84' lang='lat'>9,</span> <span class='ocrx_word' id='word_1_127' title='bbox 805 960 823 990; x_wconf 86' lang='lat'><strong>3</strong></span> <span class='ocrx_word' id='word_1_128' title='bbox 842 962 955 990; x_wconf 81' lang='lat' dir='ltr'>Acedut.</span> <span class='ocrx_word' id='word_1_129' title='bbox 974 964 1060 995; x_wconf 83' lang='lat' dir='ltr'>atque</span> <span class='ocrx_word' id='word_1_130' title='bbox 1080 962 1111 988; x_wconf 88' lang='lat' dir='ltr'>B.</span> <span class='ocrx_word' id='word_1_131' title='bbox 1127 976 1163 980; x_wconf 95' lang='lat'><em>-</em></span> <span class='ocrx_word' id='word_1_132' title='bbox 1184 959 1210 995; x_wconf 86' lang='lat'>9,</span> <span class='ocrx_word' id='word_1_133' title='bbox 1229 959 1249 987; x_wconf 93' lang='lat'>4</span> <span class='ocrx_word' id='word_1_134' title='bbox 1268 961 1415 987; x_wconf 76' lang='lat' dir='ltr'>Bonorum</span> <span class='ocrx_word' id='word_1_135' title='bbox 1435 966 1504 993; x_wconf 85' lang='lat' dir='ltr'>agm</span> 
     </span>
     <span class='ocr_line' id='line_1_26' title="bbox 207 995 1503 1037; baseline -0.005 -9"><span class='ocrx_word' id='word_1_136' title='bbox 207 1001 241 1028; x_wconf 87' lang='lat' dir='ltr'>B.</span> <span class='ocrx_word' id='word_1_137' title='bbox 261 1015 298 1020; x_wconf 88' lang='lat'>—</span> <span class='ocrx_word' id='word_1_138' title='bbox 323 1001 359 1028; x_wconf 90' lang='lat' dir='ltr'>In</span> <span class='ocrx_word' id='word_1_139' title='bbox 378 1001 404 1029; x_wconf 86' lang='lat' dir='ltr'>A</span> <span class='ocrx_word' id='word_1_140' title='bbox 428 1004 468 1029; x_wconf 77' lang='lat' dir='ltr'>ist</span> <span class='ocrx_word' id='word_1_141' title='bbox 487 1002 537 1029; x_wconf 84' lang='lat' dir='ltr'>der</span> <span class='ocrx_word' id='word_1_142' title='bbox 555 1003 690 1036; x_wconf 81' lang='lat' dir='ltr'>Hymnus</span> <span class='ocrx_word' id='word_1_143' title='bbox 710 1009 742 1028; x_wconf 90' lang='lat' dir='ltr'>so</span> <span class='ocrx_word' id='word_1_144' title='bbox 762 1000 870 1037; x_wconf 86' lang='lat' dir='ltr'>geteilt,</span> <span class='ocrx_word' id='word_1_145' title='bbox 892 1000 954 1027; x_wconf 77' lang='lat' dir='ltr'>(lass</span> <span class='ocrx_word' id='word_1_146' title='bbox 975 1000 1022 1026; x_wconf 80' lang='lat' dir='ltr'>&lt;lie</span> <span class='ocrx_word' id='word_1_147' title='bbox 1041 998 1098 1027; x_wconf 83' lang='lat' dir='ltr'>Str.</span> <span class='ocrx_word' id='word_1_148' title='bbox 1120 998 1151 1032; x_wconf 89' lang='lat'>1,</span> <span class='ocrx_word' id='word_1_149' title='bbox 1172 997 1203 1032; x_wconf 83' lang='lat'>2,</span> <span class='ocrx_word' id='word_1_150' title='bbox 1224 996 1242 1026; x_wconf 86' lang='lat'><strong>3</strong></span> <span class='ocrx_word' id='word_1_151' title='bbox 1262 997 1322 1025; x_wconf 80' lang='lat' dir='ltr'>und</span> <span class='ocrx_word' id='word_1_152' title='bbox 1343 995 1359 1024; x_wconf 89' lang='lat'>9</span> <span class='ocrx_word' id='word_1_153' title='bbox 1380 997 1434 1023; x_wconf 82' lang='lat' dir='ltr'>mit</span> <span class='ocrx_word' id='word_1_154' title='bbox 1453 995 1503 1022; x_wconf 82' lang='lat' dir='ltr'>der</span> 
     </span>
     <span class='ocr_line' id='line_1_27' title="bbox 208 1034 1502 1077; baseline -0.005 -11"><span class='ocrx_word' id='word_1_155' title='bbox 208 1038 332 1073; x_wconf 74' lang='lat' dir='ltr'>strophe</span> <span class='ocrx_word' id='word_1_156' title='bbox 346 1038 526 1071; x_wconf 81' lang='lat' dir='ltr'>Quaesumus</span> <span class='ocrx_word' id='word_1_157' title='bbox 547 1042 648 1066; x_wconf 79' lang='lat' dir='ltr'>auctor</span> <span class='ocrx_word' id='word_1_158' title='bbox 668 1039 795 1065; x_wconf 88' lang='lat' dir='ltr'>omnium</span> <span class='ocrx_word' id='word_1_159' title='bbox 814 1037 872 1065; x_wconf 84' lang='lat' dir='ltr'>und</span> <span class='ocrx_word' id='word_1_160' title='bbox 893 1038 943 1065; x_wconf 86' lang='lat' dir='ltr'>der</span> <span class='ocrx_word' id='word_1_161' title='bbox 956 1036 1131 1065; x_wconf 68' lang='lat' dir='ltr'>&amp;sterlichen</span> <span class='ocrx_word' id='word_1_162' title='bbox 1145 1036 1319 1072; x_wconf 82' lang='lat' dir='ltr'>Doxologie,</span> <span class='ocrx_word' id='word_1_163' title='bbox 1340 1034 1396 1061; x_wconf 86' lang='lat' dir='ltr'>den</span> <span class='ocrx_word' id='word_1_164' title='bbox 1411 1034 1502 1077; x_wconf 61' lang='lat' dir='ltr'>Hym-</span> 
     </span>
     <span class='ocr_line' id='line_1_28' title="bbox 206 1074 1503 1112; baseline -0.003 -10"><span class='ocrx_word' id='word_1_165' title='bbox 206 1084 261 1103; x_wconf 88' lang='lat' dir='ltr'>nus</span> <span class='ocrx_word' id='word_1_166' title='bbox 282 1085 333 1102; x_wconf 84' lang='lat' dir='ltr'>zur</span> <span class='ocrx_word' id='word_1_167' title='bbox 352 1076 470 1112; x_wconf 79' lang='lat' dir='ltr'>Vesper,</span> <span class='ocrx_word' id='word_1_168' title='bbox 491 1077 538 1104; x_wconf 83' lang='lat' dir='ltr'>‹lie</span> <span class='ocrx_word' id='word_1_169' title='bbox 558 1077 665 1104; x_wconf 85' lang='lat' dir='ltr'>andern</span> <span class='ocrx_word' id='word_1_170' title='bbox 684 1075 834 1111; x_wconf 70' lang='lat' dir='ltr'>Strophen,</span> <span class='ocrx_word' id='word_1_171' title='bbox 856 1075 961 1102; x_wconf 79' lang='lat' dir='ltr'>wieder</span> <span class='ocrx_word' id='word_1_172' title='bbox 981 1076 1035 1101; x_wconf 75' lang='lat' dir='ltr'>mit</span> <span class='ocrx_word' id='word_1_173' title='bbox 1048 1074 1230 1108; x_wconf 76' lang='lat' dir='ltr'>Quaesumus</span> <span class='ocrx_word' id='word_1_174' title='bbox 1251 1075 1353 1100; x_wconf 82' lang='lat' dir='ltr'>auctor</span> <span class='ocrx_word' id='word_1_175' title='bbox 1374 1080 1503 1099; x_wconf 79' lang='lat' dir='ltr'>omnium</span> 
     </span>
     <span class='ocr_line' id='line_1_29' title="bbox 210 1113 1004 1152; baseline -0.001 -12"><span class='ocrx_word' id='word_1_176' title='bbox 210 1113 270 1140; x_wconf 84' lang='lat' dir='ltr'>und</span> <span class='ocrx_word' id='word_1_177' title='bbox 289 1113 460 1152; x_wconf 78' lang='lat' dir='ltr'>Doxologie,</span> <span class='ocrx_word' id='word_1_178' title='bbox 482 1115 537 1142; x_wconf 87' lang='lat' dir='ltr'>den</span> <span class='ocrx_word' id='word_1_179' title='bbox 556 1115 593 1142; x_wconf 82' lang='lat' dir='ltr'>ad</span> <span class='ocrx_word' id='word_1_180' title='bbox 611 1115 694 1142; x_wconf 76' lang='lat' dir='ltr'>Noct.</span> <span class='ocrx_word' id='word_1_181' title='bbox 717 1115 746 1141; x_wconf 77' lang='lat' dir='ltr'>et</span> <span class='ocrx_word' id='word_1_182' title='bbox 764 1113 878 1140; x_wconf 73' lang='lat' dir='ltr'>Laudes</span> <span class='ocrx_word' id='word_1_183' title='bbox 899 1113 1004 1140; x_wconf 78' lang='lat' dir='ltr'>bilden-</span> 
     </span>
    </p>
   </div>
   <div class='ocr_carea' id='block_1_10' title="bbox 654 1252 1047 1349">
    <p class='ocr_par' dir='ltr' id='par_1_10' title="bbox 654 1252 1047 1349">
     <span class='ocr_line' id='line_1_30' title="bbox 654 1252 1047 1284; baseline -0.003 -1"><span class='ocrx_word' id='word_1_184' title='bbox 654 1253 719 1284; x_wconf 82' lang='lat'><strong>293.</strong></span> <span class='ocrx_word' id='word_1_185' title='bbox 747 1253 790 1284; x_wconf 86' lang='lat' dir='ltr'>De</span> <span class='ocrx_word' id='word_1_186' title='bbox 810 1252 915 1284; x_wconf 86' lang='lat' dir='ltr'>sancto</span> <span class='ocrx_word' id='word_1_187' title='bbox 937 1252 1047 1283; x_wconf 81' lang='lat' dir='ltr'>Marco.</span> 
     </span>
     <span class='ocr_line' id='line_1_31' title="bbox 746 1319 941 1349; baseline -0.005 -1"><span class='ocrx_word' id='word_1_188' title='bbox 746 1319 795 1348; x_wconf 87' lang='lat' dir='ltr'>Ad</span> <span class='ocrx_word' id='word_1_189' title='bbox 816 1319 941 1349; x_wconf 81' lang='lat' dir='ltr'>Laudes.</span> 
     </span>
    </p>
   </div>
   <div class='ocr_carea' id='block_1_11' title="bbox 208 1388 688 1563">
    <p class='ocr_par' dir='ltr' id='par_1_11' title="bbox 208 1388 688 1563">
     <span class='ocr_line' id='line_1_32' title="bbox 208 1388 688 1428; baseline -0.002 -8"><span class='ocrx_word' id='word_1_190' title='bbox 208 1388 237 1420; x_wconf 92' lang='lat'>1.</span> <span class='ocrx_word' id='word_1_191' title='bbox 264 1388 393 1419; x_wconf 80' lang='lat' dir='ltr'>Festum</span> <span class='ocrx_word' id='word_1_192' title='bbox 418 1389 520 1420; x_wconf 87' lang='lat' dir='ltr'>sancti</span> <span class='ocrx_word' id='word_1_193' title='bbox 544 1389 688 1428; x_wconf 85' lang='lat' dir='ltr'>apostoli,</span> 
     </span>
     <span class='ocr_line' id='line_1_33' title="bbox 266 1434 662 1475; baseline 0.005 -10"><span class='ocrx_word' id='word_1_194' title='bbox 266 1434 371 1466; x_wconf 87' lang='lat' dir='ltr'>Marci</span> <span class='ocrx_word' id='word_1_195' title='bbox 395 1434 481 1467; x_wconf 80' lang='lat' dir='ltr'>beati</span> <span class='ocrx_word' id='word_1_196' title='bbox 504 1438 600 1475; x_wconf 69' lang='lat' dir='ltr'>mart)</span> <span class='ocrx_word' id='word_1_197' title='bbox 610 1436 662 1475; x_wconf 88' lang='lat' dir='ltr'>ris,</span> 
     </span>
     <span class='ocr_line' id='line_1_34' title="bbox 266 1481 675 1514; baseline 0.002 -2"><span class='ocrx_word' id='word_1_198' title='bbox 266 1481 344 1513; x_wconf 90' lang='lat' dir='ltr'>Odis</span> <span class='ocrx_word' id='word_1_199' title='bbox 371 1483 507 1514; x_wconf 85' lang='lat' dir='ltr'>colamus</span> <span class='ocrx_word' id='word_1_200' title='bbox 533 1483 675 1514; x_wconf 87' lang='lat' dir='ltr'>consonis</span> 
     </span>
     <span class='ocr_line' id='line_1_35' title="bbox 263 1528 683 1563; baseline 0.007 -4"><span class='ocrx_word' id='word_1_201' title='bbox 263 1528 308 1560; x_wconf 80' lang='lat' dir='ltr'>Et,</span> <span class='ocrx_word' id='word_1_202' title='bbox 331 1528 477 1560; x_wconf 86' lang='lat' dir='ltr'>laudibus</span> <span class='ocrx_word' id='word_1_203' title='bbox 501 1530 683 1563; x_wconf 87' lang='lat' dir='ltr'>innumeris.</span> 
     </span>
    </p>
   </div>
   <div class='ocr_carea' id='block_1_12' title="bbox 204 1584 736 1767">
    <p class='ocr_par' dir='ltr' id='par_1_12' title="bbox 204 1584 736 1767">
     <span class='ocr_line' id='line_1_36' title="bbox 204 1584 712 1625; baseline 0 -8"><span class='ocrx_word' id='word_1_204' title='bbox 204 1586 236 1617; x_wconf 86' lang='lat'>2.</span> <span class='ocrx_word' id='word_1_205' title='bbox 263 1584 359 1623; x_wconf 82' lang='lat' dir='ltr'>Quem</span> <span class='ocrx_word' id='word_1_206' title='bbox 384 1593 522 1625; x_wconf 85' lang='lat' dir='ltr'>superna</span> <span class='ocrx_word' id='word_1_207' title='bbox 547 1586 712 1618; x_wconf 87' lang='lat' dir='ltr'>clementia</span> 
     </span>
     <span class='ocr_line' id='line_1_37' title="bbox 260 1631 620 1671; baseline 0.006 -9"><span class='ocrx_word' id='word_1_208' title='bbox 260 1631 379 1671; x_wconf 79' lang='lat' dir='ltr'>Magna</span> <span class='ocrx_word' id='word_1_209' title='bbox 402 1633 620 1665; x_wconf 81' lang='lat' dir='ltr'>misericordia</span> 
     </span>
     <span class='ocr_line' id='line_1_38' title="bbox 260 1678 699 1720; baseline 0.007 -11"><span class='ocrx_word' id='word_1_210' title='bbox 260 1679 297 1710; x_wconf 87' lang='lat' dir='ltr'>ln</span> <span class='ocrx_word' id='word_1_211' title='bbox 323 1678 429 1710; x_wconf 85' lang='lat' dir='ltr'>orbem</span> <span class='ocrx_word' id='word_1_212' title='bbox 454 1680 539 1711; x_wconf 77' lang='lat' dir='ltr'>misit</span> <span class='ocrx_word' id='word_1_213' title='bbox 563 1680 699 1720; x_wconf 83' lang='lat' dir='ltr'>provida</span> 
     </span>
     <span class='ocr_line' id='line_1_39' title="bbox 262 1726 736 1767; baseline 0.004 -10"><span class='ocrx_word' id='word_1_214' title='bbox 262 1726 324 1757; x_wconf 92' lang='lat' dir='ltr'>Per</span> <span class='ocrx_word' id='word_1_215' title='bbox 346 1727 423 1758; x_wconf 85' lang='lat' dir='ltr'>Jesu</span> <span class='ocrx_word' id='word_1_216' title='bbox 449 1726 566 1759; x_wconf 89' lang='lat' dir='ltr'>Christi</span> <span class='ocrx_word' id='word_1_217' title='bbox 592 1728 736 1767; x_wconf 81' lang='lat' dir='ltr'>gratiam.</span> 
     </span>
    </p>
   </div>
   <div class='ocr_carea' id='block_1_13' title="bbox 200 1782 788 1962">
    <p class='ocr_par' dir='ltr' id='par_1_13' title="bbox 200 1782 788 1962">
     <span class='ocr_line' id='line_1_40' title="bbox 200 1782 755 1823; baseline 0.002 -8"><span class='ocrx_word' id='word_1_218' title='bbox 200 1783 230 1815; x_wconf 84' lang='lat'>3.</span> <span class='ocrx_word' id='word_1_219' title='bbox 255 1783 350 1814; x_wconf 85' lang='lat' dir='ltr'>Hunc</span> <span class='ocrx_word' id='word_1_220' title='bbox 374 1782 406 1814; x_wconf 88' lang='lat' dir='ltr'>in</span> <span class='ocrx_word' id='word_1_221' title='bbox 432 1784 591 1823; x_wconf 91' lang='lat' dir='ltr'>quaternis</span> <span class='ocrx_word' id='word_1_222' title='bbox 617 1784 755 1816; x_wconf 83' lang='lat' dir='ltr'>vultibus</span> 
     </span>
     <span class='ocr_line' id='line_1_41' title="bbox 258 1829 788 1871; baseline 0.006 -11"><span class='ocrx_word' id='word_1_223' title='bbox 258 1829 418 1868; x_wconf 86' lang='lat' dir='ltr'>Propheta</span> <span class='ocrx_word' id='word_1_224' title='bbox 443 1831 598 1870; x_wconf 80' lang='lat' dir='ltr'>quondam</span> <span class='ocrx_word' id='word_1_225' title='bbox 625 1832 788 1871; x_wconf 88' lang='lat' dir='ltr'>praescius</span> 
     </span>
     <span class='ocr_line' id='line_1_42' title="bbox 256 1876 607 1909; baseline 0.006 -2"><span class='ocrx_word' id='word_1_226' title='bbox 256 1876 348 1908; x_wconf 80' lang='lat' dir='ltr'>Vidit</span> <span class='ocrx_word' id='word_1_227' title='bbox 372 1877 472 1909; x_wconf 88' lang='lat' dir='ltr'>leonis</span> <span class='ocrx_word' id='word_1_228' title='bbox 496 1878 607 1909; x_wconf 84' lang='lat' dir='ltr'>inclita</span> 
     </span>
     <span class='ocr_line' id='line_1_43' title="bbox 255 1923 667 1962; baseline 0.01 -8"><span class='ocrx_word' id='word_1_229' title='bbox 255 1923 395 1962; x_wconf 79' lang='lat' dir='ltr'>Mystiea</span> <span class='ocrx_word' id='word_1_230' title='bbox 420 1925 497 1956; x_wconf 88' lang='lat' dir='ltr'>artis</span> <span class='ocrx_word' id='word_1_231' title='bbox 522 1924 667 1958; x_wconf 84' lang='lat' dir='ltr'>formula.</span> 
     </span>
    </p>
   </div>
   <div class='ocr_carea' id='block_1_14' title="bbox 199 1980 698 2163">
    <p class='ocr_par' dir='ltr' id='par_1_14' title="bbox 199 1980 698 2163">
     <span class='ocr_line' id='line_1_44' title="bbox 199 1980 695 2021; baseline 0.004 -9"><span class='ocrx_word' id='word_1_232' title='bbox 199 1982 231 2013; x_wconf 80' lang='lat'>4.</span> <span class='ocrx_word' id='word_1_233' title='bbox 258 1980 377 2012; x_wconf 87' lang='lat' dir='ltr'>Missus</span> <span class='ocrx_word' id='word_1_234' title='bbox 403 1990 539 2021; x_wconf 87' lang='lat' dir='ltr'>superno</span> <span class='ocrx_word' id='word_1_235' title='bbox 565 1991 695 2014; x_wconf 82' lang='lat' dir='ltr'>munere</span> 
     </span>
     <span class='ocr_line' id='line_1_45' title="bbox 257 2028 698 2071; baseline 0.009 -13"><span class='ocrx_word' id='word_1_236' title='bbox 257 2028 389 2059; x_wconf 89' lang='lat' dir='ltr'>Terram</span> <span class='ocrx_word' id='word_1_237' title='bbox 413 2029 447 2060; x_wconf 87' lang='lat' dir='ltr'>in</span> <span class='ocrx_word' id='word_1_238' title='bbox 471 2029 698 2071; x_wconf 80' lang='lat' dir='ltr'>Alexandriae,</span> 
     </span>
     <span class='ocr_line' id='line_1_46' title="bbox 257 2075 650 2109; baseline 0.008 -3"><span class='ocrx_word' id='word_1_239' title='bbox 257 2075 398 2107; x_wconf 69' lang='lat' dir='ltr'>indoctis</span> <span class='ocrx_word' id='word_1_240' title='bbox 424 2075 515 2108; x_wconf 84' lang='lat' dir='ltr'>fulsit:</span> <span class='ocrx_word' id='word_1_241' title='bbox 538 2077 650 2109; x_wconf 90' lang='lat' dir='ltr'>incolis</span> 
     </span>
     <span class='ocr_line' id='line_1_47' title="bbox 258 2123 612 2163; baseline 0.006 -8"><span class='ocrx_word' id='word_1_242' title='bbox 258 2123 462 2163; x_wconf 84' lang='lat' dir='ltr'>Evangeljsta</span> <span class='ocrx_word' id='word_1_243' title='bbox 486 2125 612 2158; x_wconf 84' lang='lat' dir='ltr'>nobiliS.</span> 
     </span>
    </p>
   </div>
   <div class='ocr_carea' id='block_1_15' title="bbox 883 1386 1369 1570">
    <p class='ocr_par' dir='ltr' id='par_1_15' title="bbox 883 1386 1369 1570">
     <span class='ocr_line' id='line_1_48' title="bbox 883 1386 1369 1429; baseline -0.006 -8"><span class='ocrx_word' id='word_1_244' title='bbox 883 1390 913 1421; x_wconf 89' lang='lat'>5.</span> <span class='ocrx_word' id='word_1_245' title='bbox 940 1388 1125 1429; x_wconf 86' lang='lat' dir='ltr'>Spargendo</span> <span class='ocrx_word' id='word_1_246' title='bbox 1149 1388 1237 1428; x_wconf 87' lang='lat' dir='ltr'>plebi</span> <span class='ocrx_word' id='word_1_247' title='bbox 1260 1386 1369 1419; x_wconf 85' lang='lat' dir='ltr'>lucida</span> 
     </span>
     <span class='ocr_line' id='line_1_49' title="bbox 939 1435 1330 1474; baseline -0.005 -6"><span class='ocrx_word' id='word_1_248' title='bbox 939 1435 1038 1468; x_wconf 90' lang='lat' dir='ltr'>Verbi</span> <span class='ocrx_word' id='word_1_249' title='bbox 1063 1436 1174 1468; x_wconf 87' lang='lat' dir='ltr'>salutis</span> <span class='ocrx_word' id='word_1_250' title='bbox 1200 1435 1330 1474; x_wconf 87' lang='lat' dir='ltr'>semina,</span> 
     </span>
     <span class='ocr_line' id='line_1_50' title="bbox 939 1482 1342 1522; baseline -0.002 -8"><span class='ocrx_word' id='word_1_251' title='bbox 939 1483 1001 1515; x_wconf 89' lang='lat' dir='ltr'>Pro</span> <span class='ocrx_word' id='word_1_252' title='bbox 1026 1484 1110 1522; x_wconf 88' lang='lat' dir='ltr'>regis</span> <span class='ocrx_word' id='word_1_253' title='bbox 1134 1483 1191 1514; x_wconf 86' lang='lat' dir='ltr'>alti</span> <span class='ocrx_word' id='word_1_254' title='bbox 1215 1482 1342 1514; x_wconf 89' lang='lat' dir='ltr'>nomine</span> 
     </span>
     <span class='ocr_line' id='line_1_51' title="bbox 937 1530 1364 1570; baseline 0.002 -9"><span class='ocrx_word' id='word_1_255' title='bbox 937 1530 993 1562; x_wconf 78' lang='lat' dir='ltr'>Fit</span> <span class='ocrx_word' id='word_1_256' title='bbox 1016 1530 1177 1562; x_wconf 85' lang='lat' dir='ltr'>laureatus</span> <span class='ocrx_word' id='word_1_257' title='bbox 1202 1530 1364 1570; x_wconf 81' lang='lat' dir='ltr'>sanguine.</span> 
     </span>
    </p>
   </div>
   <div class='ocr_carea' id='block_1_16' title="bbox 882 1585 1447 1763">
    <p class='ocr_par' dir='ltr' id='par_1_16' title="bbox 882 1585 1447 1763">
     <span class='ocr_line' id='line_1_52' title="bbox 882 1585 1447 1625; baseline -0.007 -5"><span class='ocrx_word' id='word_1_258' title='bbox 882 1589 913 1620; x_wconf 88' lang='lat'>6.</span> <span class='ocrx_word' id='word_1_259' title='bbox 940 1587 1037 1625; x_wconf 71' lang='lat' dir='ltr'>Quem</span> <span class='ocrx_word' id='word_1_260' title='bbox 1061 1587 1194 1618; x_wconf 83' lang='lat' dir='ltr'>sacratis</span> <span class='ocrx_word' id='word_1_261' title='bbox 1220 1596 1290 1618; x_wconf 89' lang='lat' dir='ltr'>cum</span> <span class='ocrx_word' id='word_1_262' title='bbox 1315 1585 1447 1619; x_wconf 83' lang='lat' dir='ltr'>artubus</span> 
     </span>
     <span class='ocr_line' id='line_1_53' title="bbox 937 1634 1354 1667; baseline -0.002 -1"><span class='ocrx_word' id='word_1_263' title='bbox 937 1634 1054 1667; x_wconf 84' lang='lat' dir='ltr'>Salutis</span> <span class='ocrx_word' id='word_1_264' title='bbox 1080 1639 1192 1666; x_wconf 79' lang='lat' dir='ltr'>auctor</span> <span class='ocrx_word' id='word_1_265' title='bbox 1217 1634 1354 1666; x_wconf 90' lang='lat' dir='ltr'>omnium</span> 
     </span>
     <span class='ocr_line' id='line_1_54' title="bbox 937 1681 1425 1721; baseline 0 -9"><span class='ocrx_word' id='word_1_266' title='bbox 937 1681 1079 1713; x_wconf 87' lang='lat' dir='ltr'>Christus</span> <span class='ocrx_word' id='word_1_267' title='bbox 1104 1682 1255 1713; x_wconf 88' lang='lat' dir='ltr'>moderno</span> <span class='ocrx_word' id='word_1_268' title='bbox 1280 1685 1425 1721; x_wconf 85' lang='lat' dir='ltr'>tempore</span> 
     </span>
     <span class='ocr_line' id='line_1_55' title="bbox 934 1728 1329 1763; baseline 0.005 -4"><span class='ocrx_word' id='word_1_269' title='bbox 934 1728 1028 1760; x_wconf 81' lang='lat' dir='ltr'>Fecit</span> <span class='ocrx_word' id='word_1_270' title='bbox 1052 1728 1148 1761; x_wconf 84' lang='lat' dir='ltr'>decus</span> <span class='ocrx_word' id='word_1_271' title='bbox 1166 1729 1329 1763; x_wconf 86' lang='lat' dir='ltr'>Venetiae.</span> 
     </span>
    </p>
   </div>
   <div class='ocr_carea' id='block_1_17' title="bbox 878 1784 1462 1967">
    <p class='ocr_par' dir='ltr' id='par_1_17' title="bbox 878 1784 1462 1967">
     <span class='ocr_line' id='line_1_56' title="bbox 878 1784 1334 1828; baseline -0.004 -9"><span class='ocrx_word' id='word_1_272' title='bbox 878 1787 908 1819; x_wconf 88' lang='lat'>7.</span> <span class='ocrx_word' id='word_1_273' title='bbox 933 1784 1080 1827; x_wconf 84' lang='lat' dir='ltr'>Laetare,</span> <span class='ocrx_word' id='word_1_274' title='bbox 1107 1785 1185 1817; x_wconf 83' lang='lat' dir='ltr'>felix</span> <span class='ocrx_word' id='word_1_275' title='bbox 1211 1786 1334 1828; x_wconf 79' lang='lat' dir='ltr'>civit-as,</span> 
     </span>
     <span class='ocr_line' id='line_1_57' title="bbox 935 1832 1354 1874; baseline 0.002 -10"><span class='ocrx_word' id='word_1_276' title='bbox 935 1832 1058 1864; x_wconf 89' lang='lat' dir='ltr'>Decore</span> <span class='ocrx_word' id='word_1_277' title='bbox 1082 1836 1170 1865; x_wconf 84' lang='lat' dir='ltr'>tanto</span> <span class='ocrx_word' id='word_1_278' title='bbox 1195 1834 1354 1874; x_wconf 86' lang='lat' dir='ltr'>praedita,</span> 
     </span>
     <span class='ocr_line' id='line_1_58' title="bbox 935 1879 1362 1914; baseline 0.002 -3"><span class='ocrx_word' id='word_1_279' title='bbox 935 1880 1035 1912; x_wconf 87' lang='lat' dir='ltr'>Tuum</span> <span class='ocrx_word' id='word_1_280' title='bbox 1062 1879 1222 1914; x_wconf 83' lang='lat' dir='ltr'>foventem</span> <span class='ocrx_word' id='word_1_281' title='bbox 1248 1882 1362 1914; x_wconf 90' lang='lat' dir='ltr'>solium</span> 
     </span>
     <span class='ocr_line' id='line_1_59' title="bbox 932 1928 1462 1967; baseline 0 -8"><span class='ocrx_word' id='word_1_282' title='bbox 932 1928 1041 1959; x_wconf 86' lang='lat' dir='ltr'>Habes</span> <span class='ocrx_word' id='word_1_283' title='bbox 1066 1937 1254 1967; x_wconf 84' lang='lat' dir='ltr'>praeconem</span> <span class='ocrx_word' id='word_1_284' title='bbox 1280 1929 1462 1963; x_wconf 79' lang='lat' dir='ltr'>maximum,</span> 
     </span>
    </p>
   </div>
   <div class='ocr_carea' id='block_1_18' title="bbox 877 1984 1407 2162">
    <p class='ocr_par' dir='ltr' id='par_1_18' title="bbox 877 1984 1407 2162">
     <span class='ocr_line' id='line_1_60' title="bbox 877 1984 1407 2026; baseline -0.002 -8"><span class='ocrx_word' id='word_1_285' title='bbox 877 1986 908 2018; x_wconf 82' lang='lat'>8.</span> <span class='ocrx_word' id='word_1_286' title='bbox 935 1984 992 2024; x_wconf 84' lang='lat' dir='ltr'>Te,</span> <span class='ocrx_word' id='word_1_287' title='bbox 1018 1984 1139 2026; x_wconf 79' lang='lat' dir='ltr'>Marce,</span> <span class='ocrx_word' id='word_1_288' title='bbox 1165 1995 1243 2017; x_wconf 85' lang='lat' dir='ltr'>voce</span> <span class='ocrx_word' id='word_1_289' title='bbox 1269 1986 1407 2026; x_wconf 90' lang='lat' dir='ltr'>supplici</span> 
     </span>
     <span class='ocr_line' id='line_1_61' title="bbox 936 2031 1375 2074; baseline 0.005 -11"><span class='ocrx_word' id='word_1_290' title='bbox 936 2031 1046 2071; x_wconf 84' lang='lat' dir='ltr'>Gulpis</span> <span class='ocrx_word' id='word_1_291' title='bbox 1072 2042 1219 2074; x_wconf 82' lang='lat' dir='ltr'>rogamus</span> <span class='ocrx_word' id='word_1_292' title='bbox 1245 2034 1375 2073; x_wconf 82' lang='lat' dir='ltr'>perditi,</span> 
     </span>
     <span class='ocr_line' id='line_1_62' title="bbox 936 2079 1339 2121; baseline 0.002 -9"><span class='ocrx_word' id='word_1_293' title='bbox 936 2080 1013 2112; x_wconf 77' lang='lat' dir='ltr'>Tuis</span> <span class='ocrx_word' id='word_1_294' title='bbox 1038 2079 1179 2121; x_wconf 86' lang='lat' dir='ltr'>benigne</span> <span class='ocrx_word' id='word_1_295' title='bbox 1203 2081 1339 2113; x_wconf 87' lang='lat' dir='ltr'>servulis</span> 
     </span>
     <span class='ocr_line' id='line_1_63' title="bbox 934 2127 1388 2162; baseline 0.007 -4"><span class='ocrx_word' id='word_1_296' title='bbox 934 2127 1069 2159; x_wconf 86' lang='lat' dir='ltr'>Dimitte</span> <span class='ocrx_word' id='word_1_297' title='bbox 1096 2138 1210 2161; x_wconf 81' lang='lat' dir='ltr'>noxam</span> <span class='ocrx_word' id='word_1_298' title='bbox 1237 2129 1388 2162; x_wconf 88' lang='lat' dir='ltr'>criminis.</span> 
     </span>
    </p>
   </div>
   <div class='ocr_carea' id='block_1_19' title="bbox 536 2181 1056 2317">
    <p class='ocr_par' dir='ltr' id='par_1_19' title="bbox 536 2181 1056 2317">
     <span class='ocr_line' id='line_1_64' title="bbox 536 2181 935 2223; baseline 0.003 -9"><span class='ocrx_word' id='word_1_299' title='bbox 536 2183 567 2215; x_wconf 87' lang='grc'>9.</span> <span class='ocrx_word' id='word_1_300' title='bbox 595 2181 645 2213; x_wconf 86' lang='lat' dir='ltr'>Sit</span> <span class='ocrx_word' id='word_1_301' title='bbox 669 2182 808 2214; x_wconf 84' lang='lat' dir='ltr'>trinitati</span> <span class='ocrx_word' id='word_1_302' title='bbox 833 2183 935 2223; x_wconf 87' lang='lat' dir='ltr'>gloria</span> 
     </span>
     <span class='ocr_line' id='line_1_65' title="bbox 590 2229 1056 2269; baseline 0.006 -8"><span class='ocrx_word' id='word_1_303' title='bbox 590 2229 635 2261; x_wconf 78' lang='lat' dir='ltr'>Et,</span> <span class='ocrx_word' id='word_1_304' title='bbox 658 2230 728 2262; x_wconf 91' lang='lat' dir='ltr'>laus</span> <span class='ocrx_word' id='word_1_305' title='bbox 753 2231 883 2263; x_wconf 90' lang='lat' dir='ltr'>honoris</span> <span class='ocrx_word' id='word_1_306' title='bbox 907 2232 1056 2269; x_wconf 84' lang='lat' dir='ltr'>maxima,</span> 
     </span>
     <span class='ocr_line' id='line_1_66' title="bbox 590 2278 1049 2317; baseline 0.004 -8"><span class='ocrx_word' id='word_1_307' title='bbox 590 2278 650 2317; x_wconf 73' lang='lat' dir='ltr'>Qui</span> <span class='ocrx_word' id='word_1_308' title='bbox 676 2278 732 2310; x_wconf 83' lang='lat' dir='ltr'>dat</span> <span class='ocrx_word' id='word_1_309' title='bbox 757 2287 888 2312; x_wconf 83' lang='lat' dir='ltr'>coronas</span> <span class='ocrx_word' id='word_1_310' title='bbox 914 2279 1049 2311; x_wconf 84' lang='lat' dir='ltr'>testibus</span> 
     </span>
    </p>
   </div>
   <div class='ocr_carea' id='block_1_20' title="bbox 592 2325 1103 2367">
    <p class='ocr_par' dir='ltr' id='par_1_20' title="bbox 592 2325 1103 2367">
     <span class='ocr_line' id='line_1_67' title="bbox 592 2325 1103 2367; baseline 0.008 -10"><span class='ocrx_word' id='word_1_311' title='bbox 592 2325 635 2357; x_wconf 88' lang='lat' dir='ltr'>Et</span> <span class='ocrx_word' id='word_1_312' title='bbox 660 2327 887 2366; x_wconf 82' lang='lat' dir='ltr'>sempiternum</span> <span class='ocrx_word' id='word_1_313' title='bbox 916 2328 1103 2367; x_wconf 81' lang='lat' dir='ltr'>praemium.</span> 
     </span>
    </p>
   </div>
   <div class='ocr_carea' id='block_1_21' title="bbox 197 2387 1509 2464">
    <p class='ocr_par' dir='ltr' id='par_1_21' title="bbox 197 2387 1509 2464">
     <span class='ocr_line' id='line_1_68' title="bbox 269 2387 1509 2430; baseline 0.006 -15"><span class='ocrx_word' id='word_1_314' title='bbox 269 2387 349 2415; x_wconf 77' lang='lat' dir='ltr'>offic.</span> <span class='ocrx_word' id='word_1_315' title='bbox 375 2396 428 2417; x_wconf 89' lang='lat' dir='ltr'>ms.</span> <span class='ocrx_word' id='word_1_316' title='bbox 455 2388 484 2416; x_wconf 80' lang='lat' dir='ltr'>S.</span> <span class='ocrx_word' id='word_1_317' title='bbox 509 2390 604 2417; x_wconf 83' lang='lat' dir='ltr'>Marci</span> <span class='ocrx_word' id='word_1_318' title='bbox 631 2399 706 2419; x_wconf 86' lang='lat' dir='ltr'>saec.</span> <span class='ocrx_word' id='word_1_319' title='bbox 737 2390 781 2419; x_wconf 88' lang='lat'>16.</span> <span class='ocrx_word' id='word_1_320' title='bbox 823 2392 892 2419; x_wconf 84' lang='lat' dir='ltr'>Cod.</span> <span class='ocrx_word' id='word_1_321' title='bbox 919 2392 1061 2420; x_wconf 83' lang='lat' dir='ltr'>Marcian.</span> <span class='ocrx_word' id='word_1_322' title='bbox 1088 2395 1114 2421; x_wconf 91' lang='lat' dir='ltr'>L</span> <span class='ocrx_word' id='word_1_323' title='bbox 1134 2395 1166 2422; x_wconf 89' lang='lat' dir='ltr'>II</span> <span class='ocrx_word' id='word_1_324' title='bbox 1190 2392 1235 2422; x_wconf 80' lang='lat'>93.</span> <span class='ocrx_word' id='word_1_325' title='bbox 1256 2408 1294 2413; x_wconf 88' lang='lat'>—</span> <span class='ocrx_word' id='word_1_326' title='bbox 1322 2394 1354 2430; x_wconf 73' lang='lat'>6,</span> <span class='ocrx_word' id='word_1_327' title='bbox 1382 2393 1402 2421; x_wconf 83' lang='lat'>4</span> <span class='ocrx_word' id='word_1_328' title='bbox 1424 2396 1509 2423; x_wconf 79' lang='lat' dir='ltr'>Fecit</span> 
     </span>
     <span class='ocr_line' id='line_1_69' title="bbox 197 2425 625 2464; baseline 0.005 -11"><span class='ocrx_word' id='word_1_329' title='bbox 197 2426 276 2454; x_wconf 82' lang='lat' dir='ltr'>deus.</span> <span class='ocrx_word' id='word_1_330' title='bbox 296 2440 333 2445; x_wconf 90' lang='lat'>—</span> <span class='ocrx_word' id='word_1_331' title='bbox 354 2425 379 2461; x_wconf 90' lang='lat'>7,</span> <span class='ocrx_word' id='word_1_332' title='bbox 400 2426 420 2455; x_wconf 94' lang='lat'>4</span> <span class='ocrx_word' id='word_1_333' title='bbox 439 2436 625 2464; x_wconf 86' lang='lat' dir='ltr'>praeconum.</span> 
     </span>
    </p>
   </div>
  </div>
 </body>
</html>
