1651 2621
734 130 992 167 -208—

502 229 557 262 10.
582 228 752 261 Terrificas
778 237 855 260 nece
880 227 951 259 dum
975 226 1114 266 meritos,

579 278 610 308 A
634 285 710 309 nece
734 277 868 308 retrahis
891 274 1074 313 immeritos,

579 324 702 356 Exsere
725 327 757 355 te
781 331 902 363 quoque
926 320 1082 353 vivificum

581 371 753 411 Mentibus,
782 369 922 402 hostibus
948 368 1136 400 horrificum.

502 445 556 478 11.
584 445 693 478 Gloria
717 454 841 485 semper
864 445 1024 484 honorque
1047 444 1142 486 patri,

584 493 694 525 Gloria
721 494 822 532 patris
847 491 1007 532 honorque
1030 491 1110 531 pari,

585 539 704 580 Gloria,
730 540 861 579 spiritus
886 539 975 576 alme,
1001 539 1069 574 tibi,

582 586 650 617 Nec
674 590 765 628 patre
787 595 847 618 nee
869 586 960 625 prole
985 586 1140 619 dissimili.

292 671 377 698 BreV.
398 678 450 696 ms.
467 668 624 696 casinense
643 678 718 697 saec.
740 668 784 696 11.
815 668 882 697 Cocl.
901 669 1034 696 Vatican.
1050 669 1152 696 Urbin.
1167 666 1231 696 585.
1246 668 1311 696 add.
1325 675 1401 694 saec.
1418 664 1462 694 13.
1476 682 1513 685 —

216 707 247 741 4,
272 706 290 734 2
309 708 366 735 Est
384 708 431 735 eui
451 708 509 733 tua.
531 721 567 725 —
587 704 618 742 8,
641 705 656 734 1
677 710 756 734 artus
776 711 810 734 ut
828 707 961 741 hortigie.
985 723 1016 726 —
1039 706 1122 734 Aueh
1142 706 1204 734 dies
1223 706 1298 734 Lied
1320 705 1398 733 steht
1415 704 1514 732 weder

217 747 250 772 in
274 746 324 773 der
343 743 534 773 Handsehrist
554 744 604 771 der
623 745 764 772 Gediehte
783 745 833 771 des
851 744 1041 778 Alphanus
1063 753 1127 771 von
1147 744 1297 772 Salerno
1316 743 1394 771 noch
1411 744 1445 770 in
1463 742 1517 770 der

218 783 356 818 Ausgabe
373 781 516 816 Ughellis.
550 783 597 809 Da
616 791 646 809 es
666 783 736 810 aber
756 784 835 809 einer
848 781 950 814 Quelle
970 784 1152 809 entnommen
1173 783 1220 816 ist,
1242 782 1290 809 die
1307 780 1518 810 nachweislioh

217 821 294 847 viele-
314 822 409 847 seiner
427 819 563 854 Hymnen
583 820 701 853 enthssilt,
723 821 764 847 ist
781 828 849 847 man
868 819 1011 853 versueh‘t,
1031 820 1083 847 ihn
1103 820 1146 847 als
1166 820 1222 848 den
1239 820 1391 848 Verfasser
1410 828 1447 846 zu
1467 819 1517 846 be-

219 858 364 885 zeichnen.

653 976 720 1007 350.
752 977 794 1007 De
817 978 922 1008 saneto
944 976 1075 1008 Nicolao.

437 1053 467 1085 1.
495 1054 590 1085 Festa
613 1054 704 1093 plebs
729 1060 836 1087 saneto
862 1063 918 1086 sua
942 1055 1074 1087 Nicolao

496 1100 652 1132 Consonet
672 1102 783 1133 laudes
810 1101 971 1133 celebrans
997 1106 1028 1133 et
1051 1103 1192 1142 hymnos,

493 1147 587 1186 Cujus
607 1148 639 1178 in
664 1151 773 1180 cuncto
799 1158 890 1181 saera
914 1149 1002 1188 signa
1026 1148 1148 1189 fulgent

538 1194 680 1226 Plurima
701 1196 828 1228 mundo.

437 1270 468 1301 2.
497 1269 558 1300 Hic
581 1269 615 1299 in
639 1271 752 1301 aetatis
770 1270 918 1309 juvenilis
943 1271 1032 1302 annis

494 1315 625 1346 Praesul
651 1320 698 1347 est
722 1316 824 1348 factus
848 1318 958 1357 populi
983 1325 1119 1357 coaetus,

494 1363 563 1394 Vox
593 1371 662 1393 eum
688 1364 783 1395 coelis
809 1365 883 1395 data
906 1365 1119 1403 praesulatum

538 1409 667 1441 Sumere
688 1411 792 1449 Jussit.

438 1483 470 1516 3.
498 1482 619 1515 claruit
643 1485 759 1516 sanetis
783 1485 910 1524 pietatis
935 1486 1024 1526 actis,

493 1529 597 1562 Caede
625 1532 809 1570 plectendos
836 1532 938 1570 capite
963 1534 1097 1565 redemit

492 1576 626 1609 Navitas
648 1579 738 1617 ponti
762 1578 890 1611 tumidis
916 1587 1044 1612 vocatus

534 1624 630 1655 Eruit
653 1625 756 1658 undis

437 1699 467 1731 4.
495 1699 607 1730 Insciis
632 1698 759 1732 fraudes
783 1702 935 1746 miserens
960 1701 1082 1734 Dianae

491 1745 648 1786 Prodidit,
674 1751 850 1779 monstrans
875 1757 956 1780 nova
980 1753 1121 1782 monstra
1145 1752 1258 1791 nautis,

488 1792 581 1823 Arsit
602 1793 718 1832 injecto
743 1795 887 1833 quoniam
911 1794 1103 1834 profundum

535 1840 664 1879 Aequor
689 1841 780 1874 olivo.

435 1915 466 1946 5.
493 1914 646 1946 Triticum
673 1917 774 1947 erevit
796 1926 854 1956 per
879 1925 948 1947 eum
972 1918 1134 1956 minutum,

490 1962 620 1993 Talibus
645 1961 734 1994 fulsit
758 1973 815 1995 sua
840 1964 905 1996 vita
928 1965 1034 2006 signis,

489 2009 620 2040 Talibus
645 2009 745 2050 fulget
770 2020 865 2050 super
890 2015 976 2043 astra
1000 2014 1118 2045 sanctis

538 2055 751 2090 Consociatus.

435 2132 465 2164 6.
492 2132 554 2164 Pro
579 2133 643 2163 suis
669 2142 741 2173 ergo
766 2132 892 2165 famulis
916 2138 1074 2176 precetur,

491 2179 676 2219 Comparem
704 2182 805 2220 patris
828 2181 970 2221 genitore
993 2187 1100 2216 uatum

488 2226 534 2258 Et
556 2236 679 2258 sacrum
704 2226 828 2268 flamen,
854 2229 965 2268 quibus
991 2234 1039 2261 est
1062 2233 1211 2270 perennis

535 2275 608 2307 Una
631 2278 782 2314 potestas

233 2396 244 2420 t
292 2356 473 2422 Hymni-ms.
494 2358 661 2387 Gasinensis
682 2368 756 2388 saec.
780 2359 823 2389 10.
863 2360 932 2388 Cod.
954 2361 1087 2391 Casinen.
1109 2362 1172 2392 506.
1193 2381 1229 2386 —
1249 2365 1280 2401 4,
1301 2366 1320 2395 2
1339 2377 1418 2397 nova
1437 2379 1518 2398 mon-

217 2402 230 2421 s
245 2402 312 2422 rans
332 2403 391 2422 nau
405 2403 439 2421 is.
