1651 2621
184 415 213 447 1.

187 1577 208 1607 [ὓ

212 1402 219 1409 .
247 1376 357 1417 Grata,
383 1376 493 1415 regina
517 1375 638 1414 inclita,

700 116 960 152 —116—

555 248 617 280 190.
646 249 681 280 In
703 247 923 280 {translatione
942 256 966 279 s.
988 246 1111 279 erutae.

734 335 783 365 Ad
802 334 929 364 Laudes.

863 415 893 447 3.
919 413 1046 444 Aurora
1069 408 1307 450 temperantiae,

920 460 1042 491 Aurum
1067 457 1130 489 fuit
1152 456 1352 496 prudentiae,

920 507 1095 546 Argentum
1117 505 1198 536 haec
1220 503 1396 534 munditiae

920 554 965 586 Et
990 553 1135 585 columna
1160 550 1365 583 constantiae.

864 614 895 645 4,
922 609 1088 649 Templum
1114 609 1193 640 haec
1216 607 1319 639 sancti
1343 606 1486 649 spiritus,

924 657 1018 697 Cujus
1041 656 1152 688 beatus
1174 654 1306 695 spiritus

244 413 360 446 Gratae
384 413 497 446 beatae
519 413 637 454 gaudia

241 462 347 494 Mater
373 462 457 493 eolat
480 461 616 493 ecclesia

240 508 320 547 Ejus
344 509 427 540 mira
450 508 621 549 praeconia

241 556 439 595 Depromens
466 563 535 587 cum
557 555 689 589 laetitia.

244 612 324 652 Regi
350 613 515 652 conjuncta
539 611 667 653 gloriae,

243 660 319 691 Flos
343 659 458 691 nobilis
479 659 659 699 prosapiae,

244 706 334 739 Vena
357 706 604 747 misericordiae,
923 705 1012 737 Inter
1038 704 1189 735 coelestes
1214 702 1345 743 spiritus

243 753 307 785 Vas
331 754 481 785 mundum
509 756 539 784 et
562 761 618 785 vas
643 752 773 792 gratiae.
926 751 1105 783 Colloeatur
1130 750 1291 783 divinitus.

573 810 603 841 5.
629 808 795 840 Altissimo
820 807 863 839 sit
886 808 997 849 gloria,

625 856 762 895 Propter
786 855 899 887 beatae
923 854 1066 896 praemia

626 902 694 934 §zos
719 903 762 934 ad
786 902 868 934 coeli
891 902 1013 942 palatia

629 949 747 981 Christi
770 949 929 991 perducat
953 948 1065 989 gratia.

261 1036 343 1062 Uror.
364 1043 416 1061 ms.
438 1036 466 1062 ὃ.
489 1034 597 1062 Gratae
615 1034 809 1070 Pergamense
830 1041 905 1061 saec.
925 1030 999 1062 15lic.
1040 1033 1110 1060 Ood.
1130 1032 1316 1061 Ambrosian.
1331 1034 1358 1061 T
1376 1031 1415 1061 43
1428 1043 1492 1071 sup.

552 1210 607 1243 191.
637 1211 673 1242 In
694 1210 913 1242 Translatione
933 1219 957 1241 s.
981 1210 1104 1243 Gratae.

717 1296 753 1325 In
773 1296 799 1325 2.
820 1296 969 1334 Vesperis.

882 1377 914 1409 6.
941 1374 1099 1408 Amabilis
1124 1375 1192 1407 Deo
1219 1375 1320 1408 Grata

244 1424 345 1457 Nobis
370 1425 536 1454 succurrat
559 1422 663 1464 hodie,
936 1422 1049 1455 Mundi
1082 1422 1215 1463 gloriam
1242 1422 1398 1463 despexit,

243 1470 312 1504 Nos
337 1470 404 1510 ejus
430 1478 505 1501 cara
526 1469 642 1501 merita

245 1518 372 1550 Ducant
397 1518 438 1549 ad
463 1516 610 1548 thronum
635 1517 763 1556 gloriae.

213 1600 220 1607 .
247 1574 358 1616 Grata,
382 1576 528 1604 matrona
550 1571 676 1615 nobilis,

250 1621 374 1653 Christo
400 1620 477 1652 Jesu
501 1618 560 1650 fuit
585 1622 685 1662 grata,

247 1669 309 1702 Dei
333 1676 450 1707 sponsa
473 1666 656 1705 laudabilis,

251 1715 376 1747 Sanctis
400 1713 539 1746 moribus
564 1716 683 1746 ornata.

247 1773 360 1812 Regali
384 1773 455 1802 orta
478 1771 627 1810 germine,

247 1818 394 1852 Amatrix
417 1817 686 1857 Pergameusium,

247 1867 353 1898 Vidua
378 1865 477 1897 Grata
505 1865 639 1905 nomine,

245 1914 391 1953 Ducissa,
416 1912 476 1945 flos
499 1911 662 1944 nobilium.

246 1971 343 2011 Regis
369 1969 491 2001 aeterni
513 1968 590 2009 filia,

247 2017 472 2050 Conservatrix
494 2015 681 2056 munditiae,

246 2065 370 2098 Dilexit
391 2064 550 2103 amabilia,

245 2112 352 2146 Mater
377 2111 623 2143 misericordiae.

214 2197 222 2204 .
249 2171 423 2210 Argentum
450 2172 481 2200 et
507 2167 634 2201 divitias

244 2217 335 2250 Haec
361 2215 512 2256 dispersit
535 2215 740 2255 pauperibus,

246 2265 325 2298 Tres
350 2263 497 2296 fundavit
522 2263 671 2295 ecclesias

246 2313 284 2345 In
308 2312 487 2344 Alexandri
510 2310 667 2343 laudibus.

936 1470 1107 1510 Hospitale
1130 1470 1211 1501 haec
1234 1471 1330 1502 beata

937 1517 1076 1556 Propter
1100 1526 1258 1556 pauperes
1285 1519 1395 1550 erexit.

880 1575 911 1606 7.
934 1573 1065 1605 Transit
1088 1574 1130 1605 ad
1154 1574 1237 1605 coeli
1260 1574 1387 1614 gaudia,

938 1621 991 1652 Ad
1016 1623 1177 1660 sceptrum
1204 1621 1243 1652 de
1269 1622 1439 1663 ergastulo,

938 1667 1077 1708 Fragrat
1098 1668 1180 1699 mira
1204 1667 1381 1708 fragrantia

938 1714 988 1745 De
1011 1723 1067 1746 suo
1092 1717 1203 1747 sancto
1228 1717 1358 1749 tumulo.

907 1800 913 1805 .
939 1771 1069 1803 Transit
1093 1772 1204 1804 mundi
1230 1772 1392 1805 miseriam

938 1819 1067 1851 Vadens
1093 1820 1135 1852 ad
1160 1820 1250 1861 regni
1274 1821 1398 1861 solium,

940 1866 1110 1898 Possidens
1138 1875 1243 1899 veram
1267 1868 1412 1909 gloriam,

940 1913 1034 1946 Cedit
1049 1914 1155 1946 luctus
1178 1915 1213 1946 in
1239 1916 1398 1956 gaudium.

905 1996 911 2001 .
939 1971 1062 2002 Adesto
1086 1971 1191 2011 nobis,
1217 1973 1363 2014 Domine,

938 2019 998 2057 Qui
1022 2018 1155 2051 Gratam
1178 2018 1232 2050 hic
1256 2019 1418 2059 gratificas

938 2064 981 2096 Et
1006 2066 1040 2097 in
1064 2069 1247 2098 sanctorum
1272 2067 1396 2106 agmine

940 2112 993 2144 Sic
1017 2114 1050 2145 in
1076 2113 1172 2145 coelis
1196 2113 1389 2154 magnificas.

872 2171 926 2202 10.
941 2169 1106 2201 Altissimo
1131 2170 1174 2201 sit
1197 2170 1309 2210 gloria,

939 2217 998 2256 Qui
1022 2220 1151 2249 sanctae
1177 2217 1296 2250 Gratae
1320 2219 1470 2259 precibus

939 2263 1007 2295 Nos
1031 2265 1066 2295 in
1091 2268 1220 2297 aeterna
1244 2267 1350 2306 patria

943 2310 1029 2343 Coeli
1055 2313 1225 2353 conjungat
1249 2314 1382 2349 civibus.

261 2398 347 2426 Brev.
375 2405 428 2424 ms.
448 2396 477 2425 S.
499 2395 607 2424 Gratae
625 2396 795 2434 Pei-gamen.
822 2404 899 2424 saec.
923 2393 996 2424 ¹⁵l'le.
1037 2396 1106 2425 Cod.
1127 2398 1312 2427 Ambrosian.
1332 2401 1358 2428 Τ
1377 2398 1415 2429 43
1435 2410 1499 2438 sup.
