1651 2621
701 136 961 175 —135—

429 234 461 268 6.
488 234 608 268 Noxios
635 245 725 268 casus
749 236 858 277 populi
884 235 1048 274 secundat,

488 283 584 315 Virus
610 284 743 324 expellit
767 284 889 317 colubri
909 284 1042 324 veterni,

488 330 622 364 'Diluens
649 332 758 372 culpas
782 334 908 364 recreat
932 331 1066 363 salutem

539 377 676 411 Coclitus
701 380 800 419 aegri.

433 434 462 466 7.
489 434 756 475 Parthenopensis
782 436 953 475 rogitemus
978 435 1067 467 urbis

489 481 569 515 Esto
593 485 765 523 protector,
793 482 982 515 celebrande
1006 484 1138 521 martyr,

489 529 582 561 Pacis
605 533 763 570 aeternae,
789 531 936 571 petimus,
965 529 1100 563 refunde

539 576 712 610 Commoda
735 577 836 610 nobis.

433 634 464 667 8.
492 633 635 666 Gloriam
662 636 749 675 patri
773 643 955 666 resonemus
980 642 1086 666 omnes

490 681 534 713 Et
559 682 629 725 tibi,
656 682 792 725 Christe,
818 682 923 721 genite
947 690 1095 723 superne,

493 727 571 761 Cum
597 729 708 769 quibus
734 731 862 761 sanctus
888 730 981 761 simul
1007 732 1039 761 et
1062 732 1188 761 creator

540 776 678 816 Spiritus
702 780 824 818 regnat.

257 858 367 893 Hymn.
389 868 441 887 ms.
462 859 676 895 Neapolitanus
697 858 867 889 saec12l14.
903 861 1235 898 Cod.Nea1.01itau.V1
1255 861 1279 889 G
1302 859 1347 888 29.
1367 875 1405 879 —
1425 859 1450 893 9,,
1475 858 1488 888 1

180 897 257 963 ssui
259 898 329 924 nica
348 905 449 925 caesus
468 898 584 926 feritate
602 898 719 927 nerbos.
740 915 776 920 ——
796 898 823 932 4,
845 898 862 926 2
882 899 1083 936 triumphatos.
1105 913 1141 918 -—
1155 898 1219 933 5,1
1240 899 1346 934 proles.
1368 913 1405 917 —
1425 897 1449 931 G,
1476 896 1490 926 1

210 935 304 961 oxias

616 1075 682 1106 226.
714 1075 755 1106 De
776 1076 884 1107 sancto
905 1075 1067 1107 Januario.

725 1160 773 1190 Ad
792 1160 949 1198 Vesperas.

183 1239 216 1273 1.
241 1239 327 1272 Justi
349 1239 502 1279 hymnum
525 1239 622 1271 laude
647 1240 775 1281 <lignum
871 1242 901 1274 5.
928 1241 1012 1272 Ante
1037 1240 1136 1280 pedes
1161 1242 1197 1271 ut
1219 1241 1375 1273 haeredes
1407 1234 1423 1246 ⁰

287 1288 308 1320 J
310 1287 441 1319 anuario
467 1295 582 1319 canere
976 1287 1123 1328 Currant,
1149 1291 1185 1319 ut
1207 1288 1330 1328 lingant
1351 1288 1492 1327 vulnera,

242 1334 434 1373 Procuretis,
461 1337 498 1365 ut
523 1334 655 1376 debetis,
926 1335 1026 1368 Dirae
1051 1334 1148 1375 ferae,
1174 1335 1341 1375 possidere

286 1381 373 1413 Jam
395 1381 507 1413 lucis
534 1384 626 1413 orto
654 1381 810 1414 sidere.
975 1381 1483 1416 AeternaChristimunera

183 1441 216 1472 2.
244 1440 343 1471 Amor
367 1439 478 1478 ingens
503 1439 537 1470 in
562 1441 595 1470 te
619 1438 738 1478 vigens,
870 1440 902 1471 6.
927 1439 1003 1471 Rite
1027 1438 1073 1471 rei
1098 1439 1256 1471 Timothei

285 1487 407 1518 Mirum
430 1487 520 1525 sequi
544 1487 733 1526 martyrium
976 1487 1109 1519 Punitur
1132 1487 1198 1525 jam
1224 1487 1405 1525 crudelitas,

239 1533 344 1573 Digne
369 1532 447 1565 fecit
471 1536 501 1564 et
526 1532 664 1572 perfecit
929 1534 997 1573 Qua
1021 1536 1160 1566 terretur
1186 1537 1217 1565 et
1241 1538 1416 1575 torquetur,

287 1581 340 1612 Te
363 1581 465 1613 lucis
483 1581 810 1614 anteterminum.
977 1582 1001 1614 O
1027 1582 1101 1613 lux
1127 1581 1252 1614 beata
1274 1582 1465 1615 trinitas

182 1640 213 1672 3.
240 1637 343 1670 Nimis
368 1637 455 1677 felix,
483 1638 533 1670 vir
556 1636 670 1670 infelix
873 1639 902 1672 ’7.
929 1639 997 1670 Iter
1021 1638 1147 1677 bonum,
1175 1639 1235 1671 Dei
1261 1639 1387 1678 donum,

288 1685 433 1725 Subjccit
456 1689 489 1716 te
511 1686 697 1725 sententiae,
977 1686 1119 1718 Procura
1142 1686 1233 1718 nobis
1260 1687 1390 1719 coelitus

239 1733 325 1765 Dum
349 1732 474 1773 orabas,
502 1734 576 1765 dum
603 1732 780 1765 clamabas:
928 1733 1167 1775 Exspectando,
1196 1734 1413 1767 decantando:

290 1780 550 1814 SummeDeus
568 1780 812 1815 clementiae.
977 1781 1497 1822 Veni,creatorspiritus

181 1838 215 1870 4.
240 1838 313 1870 Vim
338 1838 475 1876 ardoris,
502 1846 565 1869 non
592 1838 751 1878 candoriS,
872 1840 902 1872 8.
930 1838 1018 1882 Vale,
1046 1838 1204 1879 princeps,
1231 1847 1288 1870 nos
1316 1838 1465 1880 deinceps

288 1885 408 1916 Amisit
434 1894 540 1917 coram
565 1885 687 1917 civibus
978 1887 1095 1918 Passus
1120 1886 1178 1917 sub
1206 1886 1275 1918 diro
1300 1887 1460 1927 praeside,

241 1932 328 1973 Ignis
357 1932 472 1966 densus
500 1936 531 1964 et
556 1940 718 1972 accensus,
931 1932 999 1966 Sibi
1021 1933 1135 1972 jungat
1161 1936 1193 1965 et
1216 1934 1387 1974 conjungat

289 1980 501 2012 Exsultet
535 1981 696 2012 coelum
719 1980 813 2013 lau·
977 1980 1195 2021 Splendor
1242 1985 1453 2021 paternae

587 2028 723 2061 dibus.
1273 2030 1453 2069 gloriae.

554 2087 588 2119 9.
615 2086 731 2118 Sancte
755 2088 876 2126 pastor,
902 2085 981 2126 legis
1007 2084 1121 2126 factor,

657 2133 750 2165 Dona
770 2133 861 2166 nobis
884 2133 1037 2172 remedia,

608 2181 801 2221 Habeamus,
828 2183 864 2213 ut
888 2184 1043 2221 optamus,

656 2229 790 2262 Beata
813 2229 937 2261 nobis
962 2228 1128 2269 gaudia.

259 2315 343 2343 Brev.
373 2323 427 2343 ms-
453 2314 482 2342 S.
510 2314 614 2343 Clarae
640 2314 724 2351 Neap
727 2314 829 2342 olitan.
862 2322 937 2341 saec.
966 2312 1009 2341 14.
1058 2313 1126 2341 Cod.
1154 2313 1326 2343 Casanaten.
1352 2316 1385 2343 B.
1411 2316 1457 2344 111
1483 2315 1500 2344 5

179 2351 264 2388 (407).
293 2354 358 2381 add.
388 2361 464 2381 saec.
492 2352 536 2381 15.
556 2354 591 2381 A.
617 2368 655 2372 —-
675 2324 753 2389 Pipop
756 2363 776 2380 r.
798 2352 1028 2388 Neapolitanum
1053 2354 1120 2388 imp.
1146 2353 1272 2390 Neapoli
1300 2352 1383 2382 1525.
1403 2355 1436 2383 Β.
1463 2370 1502 2374 -

180 2389 249 2426 3,1
270 2392 343 2420 felix
364 2394 413 2420 vic
430 2392 533 2420 infelix
555 2392 590 2419 A.
612 2409 649 2412 —
671 2390 746 2428 5,1
766 2393 832 2420 Inte
854 2390 941 2428 pedes
962 2392 1034 2427 quia
1054 2391 1141 2419 debes
1162 2392 1196 2419 A.
1221 2408 1256 2412 —
1280 2390 1316 2428 5,
1337 2391 1354 2420 2
1374 2395 1408 2422 ut
1427 2394 1489 2430 liga

180 2431 215 2467 A,
237 2430 333 2468 ligant
351 2431 386 2459 B.
407 2445 444 2450 -—
465 2429 528 2465 731
549 2431 632 2459 Inter
653 2432 764 2460 bonum
783 2430 818 2458 A.
