1651 2621
717 88 949 123 —80-

607 180 668 212 128.
699 180 740 211 Dc·
762 181 869 213 saneto
892 179 1055 212 Dalmatio.

710 257 758 287 Ad
778 257 968 287 Nocturnum.

445 329 474 361 1.
504 327 660 360 Christum
684 327 843 367 sequendo
868 336 1013 367 magnum
1040 329 1071 358 et
1092 325 1248 358 excelsum

503 375 603 407 Nobis
629 375 774 414 exempla
798 374 850 406 hio
873 375 1003 414 reliquit
1027 382 1147 405 summa

501 422 688 465 Dalmatius,
717 430 808 462 quem
833 422 1038 462 postulamus,
1064 420 1154 453 nobis

550 470 627 502 Oret
653 469 797 501 salutem.

445 528 476 559 2.
502 525 546 559 Ut
571 526 641 565 ipse
663 526 750 558 Deus
773 528 882 557 nostra
906 528 993 565 aptet
1019 527 1093 556 vota

501 573 547 605 Et.
569 576 677 605 nostra
699 573 807 604 demat
830 573 953 604 seelera
977 571 1152 610 commissa,

505 621 613 660 Culpls
642 620 758 661 fugatis
784 619 954 652 habeamus
979 628 1109 660 regnum

547 667 673 699 Meritis
700 667 777 706 ejus.

446 726 477 758 3.
505 725 600 764 Cujus
626 724 744 755 honore
767 731 994 763 prosequamur
1018 722 1167 762 hymnum

502 771 586 802 Voce
609 771 775 810 praeclara
800 772 893 809 atque
919 771 1015 802 corde
1039 779 1128 813 puro,

502 818 665 849 Abstersis
690 817 781 848 malis
807 817 929 849 veniam
956 825 1080 848 oramus

549 865 673 904 Porrigi
697 864 799 898 nobis,

444 923 476 953 4.
503 922 561 959 Qui
585 919 663 951 feeit
687 921 844 959 quondam
868 920 1023 959 principis
1050 918 1213 959 cujusdam

501 966 617 1000 Filiam
643 969 775 1007 gratam,
800 967 876 998 mihi
903 967 1008 1007 erede,
1035 976 1154 1007 sanam,

501 1015 623 1046 Aurum
647 1015 850 1046 contemnens
876 1014 1005 1045 Domini
1029 1015 1236 1052 praeceptum

546 1061 633 1093 Dicit
657 1060 785 1094 habere.

439 1121 469 1153 5.
496 1118 659 1151 Poseimus
683 1115 794 1149 flentes
819 1119 991 1157 martyrem
1017 1116 1185 1156 benignum

502 1165 607 1198 Corde
631 1173 742 1196 sereno
766 1165 836 1204 ipso
862 1166 1030 1206 annuente,

500 1213 545 1245 Ut
569 1211 655 1245 Deus
680 1214 788 1244 noster
813 1211 934 1243 seelera
958 1210 1101 1243 remittat

548 1259 705 1292 Tribuens
729 1259 838 1292 vitam.

448 1319 478 1351 6.
504 1316 589 1348 Laus
614 1317 748 1356 genitori
773 1316 940 1356 genitoque
964 1324 1088 1356 magno,

500 1363 639 1395 Flamini
664 1364 728 1395 alto
753 1363 908 1403 simulque
931 1363 1088 1403 regnanti,

501 1412 557 1450 Qui
584 1411 687 1450 spirat
709 1411 858 1442 mundum
885 1410 1051 1449 majestate
1074 1420 1137 1442 una

547 1459 703 1497 'tempore
727 1459 848 1489 cuneta.

256 1523 337 1550 offic.
364 1532 414 1550 ms.
441 1524 470 1550 S.
498 1524 640 1551 Dalmatii
666 1522 848 1550 Volaterren.
875 1531 949 1550 saec.
974 1520 1017 1551 16.
1059 1521 1128 1548 Οοᾶ..
1153 1520 1317 1548 Florentin.
1345 1519 1487 1555 Magliab.

182 1562 224 1589 Cl-
245 1561 381 1589 XXXYI.
398 1560 441 1589 69.
465 1575 498 1580 -—
516 1559 539 1594 1,
561 1559 579 1587 2
594 1560 643 1587 hie
658 1561 756 1597 ergiim.
765 1563 784 1587 t.
826 1576 832 1579 -
852 1559 876 1593 1,
897 1558 915 1588 3
932 1560 1120 1587 Dalmatium.
1136 1572 1172 1577 -—
1187 1557 1213 1592 5,
1236 1557 1250 1585 1
1265 1560 1434 1593 martyrum.
1450 1571 1486 1576 -υ

183 1601 207 1634 (3,
228 1597 245 1627 3
268 1599 337 1626 Lites
360 1599 417 1631 Qui
437 1599 532 1634 regit?

622 1688 684 1720 129.
712 1689 756 1720 De
775 1689 882 1720 saneto
903 1688 1042 1720 Daniele-

678 1764 727 1795 Ad
748 1765 836 1803 Vesp.
858 1768 886 1794 et
905 1764 991 1794 Noet.

184 1837 215 1868 1.
241 1836 346 1868 Hodie
376 1844 443 1866 cum
471 1835 636 1867 cantilenis
863 1836 894 1868 3.
922 1833 1094 1874 Babylonis
1119 1834 1151 1865 in
1178 1834 1336 1866 excelsum

288 1883 423 1923 gaudeat
448 1883 591 1922 eeclesia,
968 1890 1025 1913 rex
1055 1881 1157 1912 erexit
1179 1883 1316 1912 statuam

243 1930 307 1963 Sub
335 1931 454 1962 honore
479 1929 620 1961 Danielis
921 1929 964 1962 Et
990 1938 1009 1960 a
1035 1929 1154 1960 cunetis
1180 1928 1310 1960 adorari

290 1978 453 2010 celebrans
482 1977 644 2017 solemnia,
969 1976 1050 2008 hano
1074 1975 1239 2007 mandavit
1263 1984 1401 2014 auream,

242 2025 303 2063 Qui
326 2024 469 2056 sublatus
495 2024 535 2055 de
563 2025 698 2056 terrenis
922 2023 986 2056 Hie
1011 2030 1085 2055 vere
1109 2024 1224 2055 adorat.
1248 2022 1350 2055 Deum

291 2074 462 2111 conregnat
483 2071 515 2102 in
540 2071 654 2110 patria.
970 2078 1123 2111 spernens
1152 2070 1344 2102 idolatriam.

185 2131 218 2163 2.
242 2128 335 2160 Felix
360 2129 421 2160 iste
446 2130 534 2160 vates
559 2128 619 2159 Dei
863 2131 895 2161 4.
920 2127 1089 2160 Balthasar
1115 2127 1187 2159 dum
1215 2128 1362 2167 epula-tur

291 2184 360 2207 eum
385 2175 418 2206 in
443 2174 620 2214 Babylonia
972 2183 1041 2206 eum
1066 2175 1236 2213 primatum
1261 2176 1394 2218 agmine,

243 2222 345 2256 Exsul
370 2228 438 2253 erat
463 2231 530 2254 oum
556 2222 721 2262 Hebraeis,
923 2222 1018 2260 Quasi
1042 2231 1152 2254 manus
1177 2222 1365 2255 cernebatur

293 2270 400 2302 divina
425 2270 577 2310 mysteria
972 2268 1132 2301 seriebens
1157 2270 1190 2301 in
1216 2270 1350 2312 pariete,

246 2318 339 2352 Clare
364 2317 545 2349 revelantur
570 2317 598 2349 ei
925 2316 989 2349 Sed
1013 2317 1205 2356 scripturam
1228 2328 1284 2351 rex
1308 2319 1458 2359 ignorans

289 2366 355 2404 jam
380 2364 449 2396 visa
471 2373 529 2404 per
554 2364 686 2398 somnia.
970 2364 1129 2396 Tristatur
1154 2374 1216 2397 non
1239 2366 1375 2401 modice.
