1651 2621
756 146 1014 181 oe—126—

644 239 712 272 209.
743 238 787 270 De
807 239 914 270 sancto
936 238 1130 277 Hieronymo.

754 316 801 345 Ad
821 315 1012 346 Nocturnum.

234 386 264 418 1.
291 385 388 425 Digni
412 387 513 427 patris
538 389 570 418 et
595 386 744 426 doctoris,

341 433 448 465 Incliti
473 434 637 473 Jeronymi

297 480 503 513 Concinamus
530 481 650 512 cunctis
676 481 762 512 horis

341 527 524 560 Claritateni
549 528 655 567 animi,

292 574 449 606 Melodias
474 575 567 606 laetis
592 575 696 607 choris

338 621 460 653 Dantes
489 630 581 654 servo
605 621 742 653 Domini.

236 679 268 709 2.
294 677 331 708 In
355 678 503 710 Hebraeo
527 679 662 718 primum
689 678 810 717 scripta

339 724 416 756 Fuit
439 734 530 756 sacra
554 725 665 766 biblia,

292 770 356 801 Dat
381 770 504 803 Latinis
529 773 596 811 ejus
625 771 711 803 dicta

340 817 491 850 Resoluta
515 819 641 856 nebula,

291 865 375 896 Huic
400 874 473 905 ergo
500 866 739 904 circumscripta

340 909 511 943 Referatur
536 913 647 952 gloria.

233 968 264 999 3.
294 966 492 999 Cardinalem
519 968 703 1008 dignitatem

337 1014 426 1046 Pede
451 1015 576 1046 calcans
601 1016 711 1055 tenuit,

290 1060 345 1092 Ad
371 1061 490 1092 deserti
515 1063 697 1093 vastitatem

338 1106 576 1147 Contemplator
600 1108 689 1147 abiit,

290 1155 520 1186 Monachorum
545 1155 743 1186 honestatem

337 1200 554 1241 Habitumque
581 1202 695 1233 induit.

230 1259 263 1290 4.
291 1257 533 1290 Construentem
556 1258 626 1289 loca
651 1258 745 1298 plura

339 1304 453 1337 Coetus
477 1304 612 1336 fratrum
637 1305 779 1345 sequitur

290 1352 354 1384 Sub
382 1353 510 1384 vivendi
535 1361 646 1384 norma
672 1353 761 1392 dura,

337 1399 419 1431 Nam
445 1400 492 1431 nil
518 1403 640 1432 coctum
666 1400 781 1442 editur,

286 1448 400 1480 Potum
428 1447 525 1479 dabat
549 1456 632 1487 aqua
652 1456 743 1488 pura,

337 1495 452 1535 Sicque
478 1504 592 1535 corpus
618 1495 741 1529 teritur.

232 1554 263 1585 5.
291 1552 378 1584 Mira
402 1561 453 1584 res
480 1554 512 1583 et
534 1552 680 1584 inaudita

335 1599 401 1631 Leo
426 1600 531 1631 laesus
556 1599 701 1638 accubat,

282 1647 481 1679 Mansuescit
504 1646 601 1687 ferus,
627 1647 676 1678 ita

323 1694 400 1726 Cum
424 1695 477 1726 hic
497 1697 625 1726 sanctus
650 1695 797 1734 imperat,

286 1741 382 1783 Signo
409 1742 512 1774 crucis
538 1751 611 1773 mox
636 1742 734 1773 levita

331 1790 432 1831 Plaga
457 1792 580 1821 tumens
606 1789 733 1821 solidat.

929 386 959 418 6.
985 384 1147 416 Restituta
1169 384 1306 416 sanitate

1032 431 1087 463 Fit
1111 432 1208 464 asello
1232 430 1346 470 socius,

985 478 1127 511 Leonina
1150 478 1279 510 feritate

1030 526 1146 565 Spreta
1169 525 1249 557 nulli
1274 523 1396 563 noxiuS‚

985 574 1107 605 Parens
1132 573 1251 612 absque
1276 570 1430 602 tarditate

1031 620 1139 652 Pascit
1160 620 1249 651 illum
1276 617 1407 650 cautius.

929 679 939 691 Γ
953 703 960 709 .
984 677 1064 708 Tres
1090 687 1109 708 a
1132 678 1235 708 morte
1259 673 1428 706 suscitavit

1032 723 1130 756 Sacco
1156 723 1253 755 vestis
1279 721 1439 762 propriae,

986 771 1123 809 Quorum
1149 771 1243 803 dictis
1269 768 1463 809 adprobavit

1033 819 1210 851 Veritatem
1236 817 1367 858 gloriae,

986 865 1031 898 Ut
1056 865 1195 906 Cyrillus
1222 863 1454 897 commendavit

1033 913 1163 953 Perpeti
1187 912 1368 944 memoriae.

951 994 957 1000 .
985 968 1126 1009 Suntque
1150 972 1247 1001 testes
1273 976 1366 1000 voces
1390 967 1513 1006 horum,

1032 1016 1122 1054 Quod
1149 1019 1197 1048 est
1220 1017 1309 1048 locus
1330 1013 1454 1053 inferis,

986 1062 1176 1095 Seductores
1199 1064 1389 1104 populorum

1030 1109 1183 1141 Flammis
1210 1111 1324 1142 dentur
1347 1109 1461 1149 igneis,

984 1155 1066 1186 Nan]
1093 1158 1121 1188 si
1146 1158 1238 1189 sedes
1264 1160 1312 1188 est,
1335 1157 1500 1195 bonorum,

1032 1202 1119 1243 Ergo
1146 1213 1254 1235 carcer
1278 1204 1412 1235 miseris.

953 1284 960 1291 .
987 1258 1050 1289 Hic
1073 1259 1106 1291 in
1132 1261 1219 1291 coelo
1242 1261 1404 1292 laureatus

1033 1306 1112 1338 Fert
1137 1316 1283 1339 coronam
1305 1307 1475 1347 triplicem,

987 1352 1209 1386 Confessorum
1235 1355 1328 1385 choro
1355 1354 1458 1394 datus,

1034 1400 1142 1442 Virgo,
1169 1401 1279 1433 doctor
1303 1401 1450 1441 invicem,

986 1447 1095 1480 Omnis
1118 1458 1207 1480 error
1232 1447 1411 1480 confutatus

1033 1495 1110 1527 Fuit
1131 1505 1191 1536 per
1212 1497 1297 1528 hunc
1321 1496 1452 1528 obicem.

919 1552 970 1584 10.
986 1552 1102 1593 Decus,
1130 1553 1230 1585 honor
1254 1553 1391 1584 trinitati

1031 1599 1231 1632 Ministranti
1256 1599 1379 1631 fercula

983 1646 1084 1679 Menti
1114 1647 1200 1679 servi
1226 1647 1405 1687 praelibati,

1028 1693 1233 1734 Degustantis
1261 1694 1384 1736 pocula,

983 1739 1039 1771 Cui
1065 1741 1162 1772 simus
1188 1741 1398 1772 commendati

1029 1787 1091 1819 Per
1115 1791 1246 1820 aeterna
1270 1789 1407 1821 saecula.

302 1855 387 1882 Brov.
408 1864 461 1882 ms.
482 1854 816 1882 Romano-Franciscan.
838 1860 913 1880 saec.
936 1850 979 1879 14.
1001 1853 1041 1878 in.
1083 1853 1152 1881 Cod.
1174 1853 1268 1889 Capit.
1288 1854 1427 1881 Patavini
1446 1856 1470 1883 Β
1491 1853 1537 1883 56,

224 1892 289 1920 add.
319 1901 394 1919 saec.
418 1891 490 1920 ΜΠ..
511 1908 549 1912 -
567 1891 600 1925 4,
631 1890 645 1918 1
667 1891 865 1919 Consti-uente-
886 1905 922 1908 —
944 1889 961 1917 5
974 1910 980 1922 ,
1002 1888 1020 1916 2
1039 1890 1100 1918 Leo
1120 1892 1204 1918 lexus
1224 1892 1393 1920 accubebat.
1413 1909 1452 1913 —
1471 1892 1497 1926 5,
1519 1891 1536 1920 3

222 1931 421 1958 Mansuescat.
443 1945 479 1949 —
500 1929 527 1964 8,
548 1929 567 1957 4
585 1930 727 1957 Flammis
748 1929 876 1956 edentur.
898 1943 934 1947 —--
955 1926 980 1961 9,
1002 1925 1020 1955 3
1041 1928 1244 1957 Confexorum.

639 2030 700 2060 210.
731 2029 774 2060 De
794 2029 900 2059 sancto
921 2028 1116 2068 Hieronymo.

780 2106 828 2135 Ad
848 2105 976 2135 Laudes.

224 2178 255 2210 1.
282 2176 353 2209 Jam
380 2178 481 2216 pallet
505 2177 611 2208 vultus
637 2175 788 2214 siderum,

282 2224 401 2257 Currus
425 2224 550 2264 septeni
575 2222 698 2255 comitis

283 2272 334 2303 Ad
364 2271 461 2303 alium
485 2271 600 2311 migrat
624 2278 798 2312 numerum7

280 2318 331 2350 Ab
357 2319 479 2351 oriente
504 2319 634 2350 cernitis

278 2365 412 2398 Lucoris
438 2367 607 2398 adventum
634 2374 740 2397 rerum

280 2413 390 2447 Visum
417 2414 539 2445 clarere
562 2413 683 2446 limitis.

907 2176 939 2206 2.
962 2174 1101 2206 Ferveat
1126 2184 1200 2216 ergo
1224 2176 1347 2207 animus

965 2223 1051 2254 Face
1074 2222 1192 2264 ignitus
1219 2223 1345 2264 decora,

964 2269 1009 2301 Et
1034 2269 1145 2302 doctor
1167 2271 1224 2302 ille
1247 2272 1403 2304 maximus

964 2316 1035 2348 Hac
1059 2316 1256 2356 glorificetur
1280 2320 1371 2361 hora,

962 2363 1136 2403 Presbyter
1164 2366 1387 2408 Hieronymus,

963 2410 1044 2451 Spes
1068 2416 1180 2445 nostra
1203 2417 1299 2455 atque
1323 2426 1448 2449 aurora.
