1651 2621
663 141 918 178 —131—

494 232 556 265 218.
587 233 629 265 De
649 241 691 266 ss.
715 234 834 267 Hilario
857 234 890 266 et
908 234 1087 266 Valentino.

692 311 741 341 Ad
761 311 888 342 Laudes.

134 378 166 412 1.
194 378 297 411 Jubar
321 379 448 418 gemelli
474 380 589 412 sideris
821 383 851 415 4.
879 382 987 414 Tellus
1014 390 1124 413 cruore
1148 381 1279 414 madida

191 425 285 457 Diem
314 424 431 458 festum
457 428 665 468 congeminat,
879 429 975 462 Sacro
1003 429 1085 461 ditat
1109 428 1294 467 viterbium,

194 472 328 513 Sanguis
354 473 442 506 fusus
469 475 612 507 eliminat
880 476 924 509 Ut
952 477 1049 508 corda
1074 476 1300 516 trepidantium

193 520 329 552 Noctem
358 522 495 562 tepentis
522 523 617 557 aeriS.
878 523 1006 556 Reddat
1032 523 1175 563 exemplo
1201 521 1334 557 fervida.

134 579 166 611 2.
194 576 345 610 Profudit
366 578 536 611 luminaria
820 584 850 615 5.
880 580 991 621 Causa,
1020 583 1153 623 tempus,
1180 580 1376 623 martyrium,

192 625 275 657 Solis
299 627 388 658 ortus
413 626 555 659 occiduis
877 627 983 660 <Iudex
1006 636 1101 667 pares
1126 626 1268 659 efficiunt

195 672 308 705 Carnis
335 672 464 705 calcatis
488 674 597 705 arduis
878 674 1021 715 Sanctos,
1049 675 1101 714 qui
1129 674 1254 707 Christo
1279 675 1420 708 serviunt

192 719 278 752 Fide
302 719 396 752 firma
421 721 568 753 viventia.
876 722 939 754 Per
965 723 1075 761 dispar
1099 722 1318 755 ministerium.

133 778 165 811 3,
191 775 283 808 Jesse
309 776 403 808 radix
425 776 459 809 in
484 778 627 810 surculos
820 781 850 813 6.
878 779 1028 812 Trinitati
1052 779 1193 811 laudatio

195 823 314 865 Surgit,
340 824 373 855 in
398 832 525 864 germen
551 826 694 869 glorium,
879 826 982 859 Detur
1005 835 1121 866 perpes
1147 835 1216 858 cum
1241 826 1351 867 gloria,

193 871 407 911 Valentinum,
433 871 602 912 Hilarium,
880 874 938 912 Qui
965 874 1020 906 dat
1042 882 1192 914 suprema
1213 875 1329 913 gaudia

193 919 278 958 Quos
302 919 386 958 petit
408 927 518 951 mucro
540 920 677 960 jugulos.
880 920 1057 961 Valentino,
1083 920 1219 955 Hilario.

214 982 282 1011 Cod.
304 984 471 1012 Bruxellen.
492 982 645 1012 8067—74
663 983 785 1021 (apogr.)
804 994 878 1013 saec.
896 983 938 1012 17.
957 985 991 1012 A.
1013 1000 1048 1004 —
1071 985 1139 1013 Ood.
1154 986 1339 1014 Vallicellan.
1361 987 1384 1014 G
1396 986 1440 1014 77.

133 1020 261 1058 (apogr.)
280 1030 356 1050 saec.
379 1019 424 1049 17.
445 1022 478 1049 B.
500 1037 533 1041 —
557 1022 613 1050 Str.
634 1020 652 1050 2
671 1023 732 1050 und
752 1020 769 1050 3
789 1023 885 1051 fehlen
908 1024 941 1051 B.
962 1038 996 1042 —
1017 1022 1044 1057 4,
1064 1021 1084 1050 4
1102 1023 1211 1051 Reddit
1228 1024 1262 1051 A.

388 1160 449 1192 219.
480 1160 516 1192 In
537 1160 758 1192 Translatione
778 1169 817 1193 ss.
839 1161 953 1193 Hilarii
974 1163 1006 1193 et
1024 1162 1195 1194 Valentini.

694 1247 742 1277 Ad
761 1247 889 1277 Laudes.

128 1325 161 1360 1.
187 1325 297 1358 Turba
329 1333 447 1357 canora
467 1325 570 1365 jubilo
816 1327 847 1360 4.
874 1324 913 1358 ln
936 1326 1062 1359 Viterbi
1086 1328 1316 1367 campestribus

187 1372 314 1405 Laudes
339 1373 484 1405 exsolvat
507 1373 629 1413 sedule,
873 1373 1028 1405 Rosarum
1053 1377 1101 1405 est
1122 1375 1289 1414 plantatio,

187 1420 353 1453 Lucernae
378 1423 482 1452 tectae
508 1420 616 1452 nubilo
873 1420 998 1452 Nostris
1020 1429 1156 1453 vernaus
1181 1421 1385 1461 adspectibus

187 1468 316 1500 Clarent
339 1468 398 1500 sub
425 1467 550 1500 Christo
576 1469 732 1507 praesule.
872 1467 1048 1500 Rubricata
1070 1466 1199 1501 floritio.

126 1526 158 1558 2,
186 1524 289 1556 Terra
313 1524 418 1556 fidelis
443 1527 568 1556 texerat
817 1526 848 1558 5.
876 1524 987 1557 Gomat
1011 1524 1094 1556 stola
1120 1525 1270 1566 dignifica

186 1572 401 1613 Valentinum,
428 1571 598 1613 Hilarium,
872 1572 1040 1604 Praecelsa
1067 1572 1180 1604 dextra
1204 1572 1298 1615 filios,

185 1619 286 1653 Later
311 1620 451 1659 scriptus
478 1621 689 1659 expresserat,
874 1619 1065 1659 Sacerdotis,
1091 1620 1228 1660 levitica,

188 1667 319 1699 Nullum
346 1675 415 1699 esse
440 1666 624 1699 ludibrium.
874 1668 988 1700 Jussus
1014 1671 1169 1707 spernunt
1196 1668 1384 1703 Demetrios.

131 1725 163 1758 3.
190 1725 290 1757 Later
315 1723 427 1756 crebro
452 1724 631 1763 percutitur
816 1726 846 1758 6.
873 1724 967 1756 Anno
993 1723 1120 1757 Christo
1145 1725 1313 1758 millesimo

184 1772 214 1804 A
242 1771 320 1803 viris
346 1769 551 1812 fodientibus,
873 1772 1070 1804 Trecenteno
1097 1781 1165 1804 cum
1191 1774 1286 1805 tertio

187 1818 275 1851 Nutu
299 1818 361 1850 Dei
385 1827 448 1850 non
474 1819 641 1861 rumpitur,
873 1819 1000 1851 Laudes
1027 1820 1143 1852 dantur
1167 1820 1331 1861 altissimo,

188 1866 247 1905 Qui
273 1867 365 1898 testis
391 1868 440 1897 est
463 1866 667 1906 martyribus.
875 1866 941 1905 Quo
967 1868 1086 1898 sanctis
1113 1870 1162 1899 est
1186 1868 1364 1901 translatio.

205 1931 275 1960 Cod.
297 1931 464 1959 Bruxellen.
486 1929 639 1959 8067-74
657 1929 780 1968 (apogr.)
799 1940 873 1960 saec.
897 1930 940 1959 17.
955 1945 991 1950 -
1008 1932 1064 1960 Str.
1087 1931 1103 1960 6
1122 1933 1205 1970 gicht
1224 1933 1275 1961 das
1289 1934 1371 1962 Alter
1391 1935 1440 1963 de*

124 1971 261 2006 Hymnus
283 1979 330 2004 an,
354 1971 419 1997 eine
438 1970 562 2006 Angabe
582 1970 629 1997 die
648 1969 812 2005 Rhythmik
831 1970 890 1997 und
905 1971 989 1998 Reim
1008 1979 1064 1998 nur
1083 1971 1254 2008 bestatigen.

375 2110 445 2142 220.
475 2110 511 2142 ln
531 2109 750 2142 {translatione
769 2117 811 2142 ss.
833 2109 947 2141 Hilarii
970 2110 1003 2142 et
1022 2110 1195 2142 Valentini.

659 2196 694 2227 In
717 2195 743 2226 2.
765 2196 913 2234 Vesperis.

124 2278 155 2312 1.
182 2276 369 2317 Praetulget
394 2276 481 2310 orbis
507 2277 647 2309 siderum
813 2279 844 2310 2.
871 2277 935 2309 Pro
961 2276 1038 2309 viris
1065 2277 1159 2310 claris
1184 2287 1309 2320 genere,

182 2326 282 2360 Pleno
309 2325 442 2358 duorum
463 2325 594 2367 lumine,
874 2324 958 2363 Quos
984 2324 1110 2366 signant
1134 2326 1225 2359 nobis
1250 2327 1359 2362 sidera

183 2375 250 2415 Quo
276 2374 372 2413 plena,
397 2372 516 2407 Christi
542 2373 671 2406 numine
874 2372 1013 2405 Evectos
1041 2382 1137 2414 super
1161 2376 1301 2415 aethera,

185 2422 313 2456 Gaudet
338 2430 454 2454 corona
475 2424 663 2462 martyrum.
872 2420 975 2453 Decet
998 2430 1056 2453 nos
1084 2424 1192 2456 cantus
1217 2433 1375 2464 promere.

1228 2477 1271 2507 9*
