1651 2621
729 107 964 143 *27⁸

621 201 667 232 35.
699 201 744 231 De
765 201 870 231 sancto
891 198 1067 231 Anastasio.

681 268 730 297 Ad
752 268 842 306 Vesp.
865 269 894 298 et
911 266 999 298 Noct.

192 326 222 360 1.
253 327 395 370 coelum,
420 327 517 359 tellus
541 337 580 359 ae
601 328 704 360 maria

249 374 379 407 Mellita
403 378 553 415 promant
578 376 731 416 carmina,

247 421 308 454 His
333 431 448 463 nempe
475 423 588 464 dignus
612 423 762 456 laudibus

248 469 310 502 Est
334 470 464 512 Martyr
488 472 690 505 Anastasius,

215 553 222 559 .
248 526 394 560 Bellator
417 528 656 569 invictissimus,

248 574 375 607 Divinis
401 574 500 608 fultus
525 576 659 616 viribus,

249 623 355 655 Minas
382 625 555 656 contemnit
579 625 771 668 principum,

246 670 364 703 Manus
389 671 492 703 nescit
519 671 712 704 carnificum.

216 753 223 759 .
249 727 369 760 Laetus
393 729 464 760 adit
487 729 656 769 supplicia,

247 775 383 816 Jejunus
406 779 443 808 ut
471 776 626 816 convivia,

249 822 342 856 Nova
366 832 541 863 poenarum
566 833 684 865 genera

248 870 342 903 Mens
367 872 483 904 transit
507 872 737 912 imperterrita.

217 953 222 959 .
249 928 435 969 Torquendi
460 937 591 968 praeses
612 930 736 970 anxiuS,

248 975 431 1016 Torquetur
454 977 525 1016 ipse
549 978 688 1018 gravius,

249 1023 335 1056 Dum
357 1024 501 1056 membra
524 1025 619 1064 punit
641 1025 760 1066 saucia,

248 1071 429 1105 Verborum
451 1070 576 1112 perfert
598 1072 718 1112 jucula.

880 329 911 361 5.
938 327 1066 360 Catenis
1092 328 1217 361 vinctus
1241 327 1367 370 ferreis,

937 376 1116 409 Horrendis
1142 377 1267 408 clausus
1291 377 1432 409 tenebris

938 424 1094 464 Angelica
1117 425 1301 465 praesentia

936 471 1023 504 Luce
1047 472 1170 511 potitur
1194 471 1377 512 splendida.

904 555 910 561 .
936 529 1016 562 Post
1038 529 1263 570 triumphalem
1287 529 1409 561 obitum

936 577 1031 610 Feris
1057 586 1173 617 corpus
1198 577 1387 618 expositum,

936 624 1046 664 Jejuni
1069 633 1163 657 canes
1191 624 1311 657 eminus

935 671 1062 704 Strictis
1087 673 1275 712 adspectant
1302 672 1460 706 dentibus,

903 756 910 763 .
936 729 993 770 Te,
1019 731 1142 769 martyr
1166 730 1258 768 alme,
1284 730 1422 770 petimus

937 777 1056 810 Mentis
1081 778 1208 817 orisque
1231 778 1390 821 precibus,

936 824 983 857 Ut
1006 827 1062 856 tua
1085 826 1171 857 levet
1195 826 1347 857 sanctitas

936 872 1018 911 Quos
1043 881 1101 905 sua
1123 876 1235 913 gravat
1259 872 1413 912 pravitas.

903 953 910 959 .
937 930 985 963 Sit
1008 931 1094 969 patri
1119 930 1188 963 laus
1212 930 1363 969 ingenito,

937 977 987 1010 Sit
1012 977 1109 1009 decus
1131 977 1305 1020 unigenito,

936 1025 986 1057 Sit,
1008 1025 1173 1065 utriusque
1197 1025 1295 1065 parili

936 1072 1090 1112 Maiestas
1115 1081 1237 1104 summa
1259 1071 1389 1105 flamini.

265 1136 352 1164 BreV.
372 1145 426 1164 ins.
446 1136 670 1165 Benedictinum
691 1145 765 1166 saec.
787 1135 833 1165 11.
874 1137 945 1166 Coti.
964 1138 1151 1166 Vallicellan.
1171 1138 1196 1165 B
1216 1136 1262 1165 79.

623 1239 668 1271 36.
700 1239 743 1271 De
764 1240 870 1271 sancto
890 1239 1068 1271 Anastasio.

748 1307 798 1337 Ad
816 1307 944 1337 Laudes.

213 1392 220 1399 .
247 1365 319 1399 Lux
345 1366 433 1398 clara
457 1376 588 1407 surgens
614 1367 737 1407 rutilat,

247 1414 334 1452 Quae
361 1414 453 1446 dulce
477 1413 594 1446 festum
619 1415 753 1455 nuntiat,

247 1462 314 1501 Quo
340 1463 462 1494 coelum
490 1463 586 1495 decus
611 1464 788 1503 martyrum

249 1509 445 1542 Conscendit
470 1510 669 1543 Anastasius.

213 1592 220 1600 .
247 1567 431 1608 Purpureus
457 1569 612 1601 acerrimo

249 1614 360 1647 Victor
386 1616 451 1648 exit
478 1616 518 1648 de
542 1615 676 1656 proelio,

248 1662 342 1695 Nunc
366 1663 449 1696 stola
475 1666 618 1704 comptus
645 1663 784 1696 candida

248 1711 372 1744 C-orona
398 1711 504 1744 vibrat
528 1721 636 1744 aurea.

874 1368 905 1401 3.
932 1366 1047 1406 Hujus,
1075 1375 1092 1398 ο
1119 1366 1253 1410 Christe,
1280 1367 1428 1407 precibus

932 1413 1060 1446 Nostris
1085 1423 1182 1454 parce
1207 1415 1392 1457 sceleribus,

932 1462 1052 1494 Beatus
1077 1462 1180 1494 nostri
1206 1462 1314 1495 debita

934 1509 1015 1549 Ejus
1041 1512 1192 1542 excusent
1215 1511 1338 1542 merita.

899 1593 906 1600 .
934 1566 984 1598 Da
1008 1566 1100 1599 nobis
1125 1567 1221 1599 talem
1246 1567 1356 1600 liberis

932 1614 1054 1646 Ducem
1079 1616 1169 1654 sequi
1193 1615 1347 1658 vestigiis,

934 1662 981 1695 Ut
1005 1662 1188 1703 passionum
1213 1663 1291 1695 socii

935 1710 1104 1743 Consortes
1129 1712 1227 1743 simus
1251 1711 1396 1752 praemii.

589 1771 622 1803 5.
650 1768 761 1801 Gloria
785 1768 828 1800 sit
851 1768 1003 1809 ingenito,

646 1816 735 1849 Patri
763 1818 795 1848 et
820 1816 991 1856 unigenito,

645 1865 762 1898 Sancto
786 1863 880 1897 simul
905 1863 1043 1905 spiritui,

644 1913 713 1945 Deo
738 1911 938 1944 indivisibili.

262 1979 348 2007 Brov.
372 1987 425 2005 ms.
439 1977 664 2007 Benedictinum
684 1987 760 2007 saec.
777 1975 821 2005 11.
849 1977 918 2005 Cod.
932 1977 1119 2005 Vallieellan.
1133 1978 1158 2005 B
1177 1976 1224 2005 79.
1245 1992 1282 1996 —-
1305 1976 1330 2013 1,
1343 1977 1363 2006 4
1376 1977 1500 2007 Anasta—

185 2018 272 2045 sium.
295 2031 333 2036 —
353 2015 380 2053 3,
402 2017 420 2045 3
439 2018 559 2046 Beatus.

642 2110 686 2142 37.
716 2110 753 2142 In
776 2109 879 2142 sancti
898 2109 1053 2142 Andreae.

701 2179 835 2218 Hymnus
854 2178 980 2209 Primus.

338 2251 370 2284 1.
397 2250 553 2284 Concinat
577 2250 750 2283 altithrono
776 2258 838 2283 vox
861 2249 963 2282 omnis
990 2249 1095 2281 cordis
1120 2249 1160 2282 ab
1187 2251 1279 2283 antro

444 2299 495 2330 Ac
519 2297 647 2339 linguae
670 2298 766 2330 sistro
793 2298 939 2330 concinat
962 2296 1147 2330 altithrono.

342 2356 374 2389 2.
400 2355 536 2398 Emicat,
565 2364 648 2396 ecce,
675 2355 742 2387 dies
767 2355 902 2396 populos
928 2354 1121 2387 celebranda
1143 2365 1203 2395 per
1230 2364 1348 2396 omnes,

445 2403 489 2435 Et
514 2402 630 2436 festive
653 2404 758 2436 nitens
784 2402 908 2443 emicat,
936 2410 1018 2444 cece,
1047 2403 1124 2436 dies.
