1651 2621
700 145 746 149 —
799 124 865 160 177
917 145 960 149 -—

562 248 629 280 297.
661 248 696 279 In
717 246 937 279 Translatione
957 256 981 279 s.
1003 247 1109 279 marci.

731 324 780 354 Ad
801 324 931 355 Laudes.

173 395 204 428 1.
232 393 333 427 Geom
356 394 457 427 fluens
483 397 518 426 ut
543 394 662 427 coelica
864 396 895 428 4.
922 394 1002 427 Adit
1027 395 1097 434 ipse
1120 395 1317 435 pentapolim

230 442 362 475 Marcus
386 441 513 482 profert
535 442 683 483 insignia,
920 442 1112 482 Summaque
1140 443 1217 475 data
1240 443 1397 483 principis

234 490 337 522 Terra
362 490 475 531 quibus
500 490 686 530 peccamina
921 490 1139 530 Memphiticis
1166 494 1198 522 et
1220 489 1342 530 Lybiae

234 536 375 570 Lavatur
402 538 522 571 Christi
547 538 660 578 gratia.
921 537 1075 570 Nol-mam
1101 538 1200 570 tradit
1220 538 1372 577 justitiae.

173 605 204 637 2.
231 604 319 636 Hinc
343 605 501 644 quondam
527 604 730 645 Aquilegiam
865 606 895 637 5.
925 604 968 637 Ut
992 613 1069 644 gens
1092 605 1192 644 impia
1218 607 1380 647 comperit,

233 651 390 684 Lustrans
417 652 575 684 destruxit
599 652 687 683 idola
921 652 1005 684 Illuc
1029 653 1113 692 quod
1138 652 1268 684 Marcus
1293 653 1427 692 venerit,

232 699 277 732 Et
301 699 533 740 Hermagoram
559 699 712 739 praetulit
922 699 1006 731 Eum
1033 700 1177 732 demissis
1203 698 1331 731 funibus

235 745 450 786 Sanetumque
477 747 592 788 dogma
618 746 734 779 docuit.
921 746 1076 779 Evellunt,
1096 747 1136 779 ab
1161 747 1327 781 altaribus,

173 814 204 846 3.
232 813 310 845 Post
333 816 449 853 optans
473 813 604 845 Petrum
628 813 733 844 visere
864 815 896 846 6.
922 813 1083 854 Discipuli
1107 822 1200 853 quem
1225 814 1375 854 eolligunt

232 860 365 893 Romam
391 861 528 901 requirit
550 858 706 900 pontifex,
920 860 966 892 Et
988 863 1130 892 aromate
1157 861 1308 893 condiunt

231 908 379 940 Electum
405 917 512 940 seeum
540 907 698 946 deferens,
920 907 967 939 Et
990 907 1023 939 in
1050 907 1220 948 sepulchro
1247 908 1404 941 collocant

233 955 399 988 Sacratunl
423 959 458 987 ut
484 955 672 987 remitteret.
923 954 1049 987 Christo
1079 954 1219 987 ferentes
1244 956 1373 996 gratias.

565 1023 592 1054 7.
623 1021 766 1062 Praesta,
792 1023 895 1061 pater,
922 1030 982 1061 per
1006 1020 1119 1055 filium.

248 1105 330 1134 Offie.
351 1116 404 1134 ms.
420 1106 450 1134 S.
466 1106 560 1134 Marci
581 1114 657 1133 saec.
680 1104 724 1133 16.
751 1105 821 1134 Cocl.
836 1106 977 1134 Mai-eian.
993 1106 1019 1132 L
1032 1107 1064 1134 Π
1084 1104 1129 1134 93.
1151 1121 1187 1125 -
1201 1104 1228 1139 4,
1252 1105 1266 1134 1
1282 1106 1350 1134 Odit
1362 1107 1435 1142 ipse.
1451 1121 1489 1125 —-

172 1142 203 1178 4,
226 1142 244 1173 3
264 1144 434 1172 Mentifieis.
456 1159 492 1163 —
514 1142 540 1178 5,
567 1142 581 1171 1
601 1143 643 1172 Et
661 1152 742 1179 gens.
764 1158 800 1163 -—
821 1143 846 1179 5,
869 1142 886 1170 2
905 1143 983 1172 Illuc
1002 1146 1061 1177 qui.

633 1302 700 1334 298.
729 1303 774 1334 De
794 1302 902 1334 sancto
923 1302 1034 1334 Marco.

718 1380 767 1409 Ad
786 1377 945 1416 Vesperas.

172 1450 201 1483 1.
231 1449 341 1483 Sancti
366 1450 471 1482 Marci
497 1447 688 1481 confessoris
863 1450 894 1481 4.
922 1447 1033 1480 Salvat,
1057 1448 1178 1480 animas
1205 1447 1335 1480 devotas

229 1497 392 1538 Hynmum
419 1496 490 1528 Deo
515 1494 694 1539 referimus,
920 1496 1090 1527 Possessas
1115 1505 1135 1527 a
1162 1494 1298 1537 diabolo,

231 1546 290 1585 Qui
318 1544 510 1584 contempsit.
534 1544 693 1576 saeculum
920 1544 1025 1575 Tanta
1050 1544 1192 1582 repletus
1217 1542 1320 1582 gratia

230 1592 394 1626 Mereatus
422 1592 542 1624 Christi
566 1592 742 1631 praemium
921 1590 1040 1623 Obvius
1068 1589 1193 1622 Christo
1219 1590 1299 1622 abiit

228 1642 273 1674 Et
297 1641 337 1673 ab
363 1639 581 1672 adolescentia
918 1637 964 1670 Et
989 1637 1082 1670 nobis
1106 1647 1233 1677 semper
1257 1638 1396 1670 maxima

231 1688 290 1721 Dei
313 1691 489 1729 praecepta
513 1687 625 1720 tenuit.
921 1686 1072 1718 Ostendit
1094 1685 1258 1718 miracula.

171 1759 202 1789 2.
230 1755 354 1795 Stipem
378 1755 501 1794 largam
529 1754 674 1794 erogavit
861 1753 892 1785 5.
918 1752 1017 1793 Ergo,
1043 1752 1164 1793 populi,
1191 1761 1338 1792 rogemus

231 1803 359 1843 Jugiter
383 1802 590 1844 pauperibuS‚
920 1800 1143 1833 confessorem
1168 1800 1325 1843 altissimi,

232 1850 354 1884 Christi
379 1851 526 1882 doctriua
551 1849 667 1882 claruit
919 1847 965 1880 Ut
988 1849 1058 1889 ipse
1083 1848 1174 1880 nobis
1200 1849 1351 1887 impetret

230 1898 335 1938 Digna
359 1898 491 1930 sortitus
514 1897 666 1941 praemia,
920 1896 1037 1929 Pacem
1063 1898 1095 1927 et
1119 1896 1361 1937 indulgentiam,

230 1948 347 1980 Pastor
372 1955 467 1978 verus
491 1944 525 1976 in
547 1945 675 1986 populis
920 1944 980 1982 Qui
1004 1944 1146 1984 peccatis
1170 1952 1277 1974 sumus
1302 1944 1440 1984 gravati,

230 1994 376 2027 Summus
402 1992 553 2025 sacerdos
577 1992 723 2026 rutilans.
918 1990 1084 2024 Dissolvat
1108 1989 1278 2032 suffragiis.

168 2065 201 2096 3.
231 2060 361 2095 Crebris
385 2068 510 2101 quoque
531 2059 663 2099 jejuniis
861 2060 891 2091 6.
921 2058 1064 2092 Gloriam
1090 2065 1239 2090 canamus
1265 2057 1351 2097 patri

229 2109 363 2149 Repulit
389 2109 493 2141 carnis
521 2106 608 2147 vitia,
919 2106 1067 2146 Filioque
1091 2105 1198 2145 parili,

228 2158 334 2197 Saepe
359 2156 505 2188 docendo
527 2155 682 2195 populum
921 2154 1120 2194 spirituique
1142 2156 1252 2184 saneto
1277 2153 1371 2185 simul

231 2205 397 2238 Destruxit
422 2204 534 2236 mundi
558 2203 657 2244 idola,
922 2201 1033 2235 Gloria
1058 2200 1224 2241 paraclito,

230 2253 367 2293 Magnus
394 2251 519 2285 exstitit
542 2251 685 2284 medicus
922 2249 982 2287 Qui
1006 2248 1094 2281 Deus
1119 2248 1222 2282 trinus
1248 2251 1280 2279 et
1304 2258 1384 2282 unus

228 2299 362 2333 Infirma
386 2308 503 2332 sanans
529 2308 674 2339 corpora.
920 2296 1038 2329 Exstat
1062 2299 1137 2329 ante
1161 2296 1300 2331 Saecula.

246 2386 329 2414 Brev.
350 2392 405 2411 ms.
425 2383 537 2411 Montis
557 2383 703 2411 Amiatini
724 2390 800 2410 saec.
823 2379 898 2417 ¹⁰!11.
937 2379 1007 2408 God.
1028 2380 1205 2408 Casanaten.
1226 2381 1250 2409 Β
1269 2381 1301 2409 11
1322 2380 1347 2409 l..
1372 2397 1405 2401 —
1428 2382 1453 2418 1,
1474 2381 1497 2411 4

164 2425 314 2455 Mercatus
336 2424 388 2451 est.
403 2437 434 2442 -—
462 2420 488 2456 2,
510 2420 527 2449 5
547 2423 712 2458 Pastorque
731 2428 828 2448 verus.
843 2434 880 2440 --
899 2417 927 2455 4,
950 2417 966 2446 6
987 2419 1073 2447 Lies:
1096 2419 1256 2448 mirabilia.

224 2476 349 2501 Dreves,
365 2472 453 2502 Hymni
468 2473 565 2496 Inediti.
1265 2466 1305 2496 12
