1651 2621
712 117 969 152 -188—

625 228 694 260 320.
725 228 767 259 De
790 230 896 260 sancto
919 228 1069 260 Materno.

195 308 226 342 1.
253 308 410 348 Splendor
436 316 565 349 magnus
590 307 813 348 confessorum,
875 311 905 343 5,
932 308 1018 347 Quae
1042 309 1113 348 pius
1139 310 1250 348 pastor
1276 308 1396 348 colligit

254 355 394 394 Gemma,
417 356 521 387 lumen
547 356 756 394 sacerdotum,
929 355 975 387 Et
1000 356 1103 397 dignis
1129 356 1261 388 mandat
1284 356 1467 399 sepulturis,

250 402 311 434 Est
334 402 474 435 imitator
497 406 681 445 martyrum,
931 403 977 435 Ut
1001 412 1106 435 secum
1131 406 1242 443 regnet
1267 403 1300 435 in
1327 404 1460 435 excelsis

252 450 477 489 Apostolorum
500 451 671 491 particeps.
929 452 1036 490 Atque
1061 459 1130 483 cum
1156 451 1275 482 sanctis
1301 451 1432 491 angelis.

194 507 225 539 2.
251 505 368 538 Divino
393 509 471 538 nutu
495 507 683 548 praelectus,
873 509 902 541 6.
929 506 1032 539 Homo
1057 507 1237 547 appellatus
1262 507 1397 550 patriae,

251 553 388 585 Cunctus
414 554 570 586 clamabat
593 555 746 593 populus:
929 554 1035 594 Pater,
1063 557 1167 586 custos
1194 555 1349 586 ecclesiae

249 599 313 631 Hic
336 599 427 631 nobis
453 604 501 632 est
525 601 701 641 episcopus,
928 601 979 633 Ab
1005 603 1090 634 omni
1115 602 1184 634 cive
1206 603 1300 642 hujus
1326 605 1432 635 terrae

250 646 303 678 Sic
327 647 395 678 Deo
419 648 534 688 placet,
560 648 736 680 Maternus.
930 648 993 680 Sua
1016 650 1071 688 pia
1095 650 1273 681 sanctitate.

192 703 222 735 3.
248 702 312 734 Hic
335 702 486 735 visitabat
511 712 662 738 carceres.
872 707 902 738 7.
927 705 991 736 Hic
1016 709 1064 737 est
1089 714 1185 745 saepe
1210 707 1396 739 verberatus

247 747 348 781 Ferro
370 749 484 789 ligatos
508 750 624 782 milites
928 752 970 783 Et
996 761 1066 784 cum
1091 754 1220 792 reliquis
1246 754 1399 791 reclusus,

246 796 443 827 Hcrtabatur
466 797 604 837 assidue,
926 799 1010 831 Nam
1035 801 1122 840 plebi
1147 801 1355 843 necessariUS,

247 843 297 874 Ne
321 852 355 874 se
383 843 496 875 darent
519 844 743 883 blasphemiae.
926 845 994 878 Deo
1022 848 1117 880 dante
1141 848 1304 882 liberatus,

187 899 218 930 4.
246 898 430 931 Sanctorum
457 900 572 931 dantur
597 909 740 941 corpora,
868 905 899 937 8.
926 903 1020 935 Hunc
1042 905 1249 944 deprecemur
1267 903 1491 946 confessorem,

245 945 356 985 Neque
379 947 555 985 sepulchris
582 949 718 987 condita,
924 951 1089 982 Pastorem
1114 954 1179 982 tam
1205 952 1392 995 mirabilem,

243 992 336 1024 Feris
359 992 443 1031 lupis
467 994 647 1037 laceranda,
924 997 1074 1029 Nostram
1099 999 1194 1030 modo
1219 998 1305 1031 ferat
1326 1008 1455 1038 precem

243 1038 289 1071 Ut
311 1041 468 1071 testantur
492 1050 600 1081 regum
621 1042 720 1081 J'ussa.
922 1045 1020 1083 Apud
1045 1047 1213 1077 venturum
1234 1046 1386 1086 judicem.

598 1099 628 1130 9.
657 1098 767 1131 Gloria
791 1100 861 1139 tibi,
888 1100 1033 1133 Domine.

261 1178 344 1206 Brev,
364 1178 589 1207 Ambrosianum
612 1183 682 1217 imp.
709 1182 871 1210 Mediolani
895 1180 978 1211 1490.
1001 1198 1038 1203 —
1065 1184 1098 1219 4,
1127 1182 1145 1212 3
1167 1184 1226 1213 Sed
1249 1186 1320 1214 feris
1345 1186 1434 1223 lupis.
1457 1203 1491 1207 —

187 1213 214 1249 5,
235 1213 255 1242 4
273 1215 314 1243 Et
332 1225 396 1244 cum
416 1219 533 1245 sanctis.

542 1364 602 1395 321.
631 1365 667 1396 In
685 1366 787 1397 sancti
805 1366 961 1399 Matthaei
981 1368 1133 1408 Apostoli.

421 1452 452 1485 1.
479 1454 703 1492 Apostolorum
728 1455 828 1486 nobili
852 1457 985 1488 victoria

476 1500 520 1531 Et
543 1501 700 1532 retributa
724 1510 783 1541 pro
808 1503 918 1535 labore
943 1503 1044 1543 gloria

481 1546 567 1578 Coeli
591 1548 713 1587 solique
736 1548 821 1580 laeta
845 1549 882 1581 fit
906 1551 1098 1591 respublica,

477 1592 523 1624 Ut
543 1601 663 1624 summa
685 1595 814 1626 laudum
840 1596 1007 1628 conferant
1029 1600 1211 1640 praeconia,

478 1639 595 1677 Quibus
620 1640 735 1672 decora
759 1644 860 1674 mater
886 1645 934 1675 est
957 1645 1102 1678 ecclesia.

421 1695 450 1725 2.
477 1695 540 1726 Hic
565 1698 613 1726 est
636 1700 771 1736 senatus,
799 1706 873 1738 rege
898 1699 951 1739 qui
976 1709 1045 1732 cum
1068 1703 1187 1741 gloriae

478 1742 540 1774 Die
564 1751 709 1781 supremo
734 1745 933 1782 praesidebit
956 1747 1077 1779 arbiter

476 1789 529 1820 Ad
550 1789 758 1827 judicandum
783 1800 873 1823 omne
897 1802 1003 1825 semen
1026 1795 1141 1835 Israel,

479 1835 573 1875 GuJus
597 1839 737 1875 potestas
762 1839 850 1870 novit
871 1840 952 1872 altas
977 1841 1128 1875 claudere

475 1882 568 1915 Seras
590 1883 726 1924 itemque
753 1885 841 1917 clave
865 1887 991 1928 linguae
1014 1891 1165 1928 pandere.

420 1940 450 1972 3.
477 1940 516 1972 In
544 1939 605 1970 hoc
629 1940 722 1973 beato
746 1942 926 1982 principum
953 1945 1084 1985 collegio

475 1986 656 2019 Matthaeus
681 1989 763 2020 almo
788 1989 942 2029 gloriatur
966 1994 1116 2034 praemio,

476 2033 535 2071 Qui
559 2042 631 2065 mox
656 2036 767 2067 relicto
792 2037 904 2069 merito
929 2039 1054 2078 negotio

477 2080 637 2113 Christum
665 2085 791 2114 secutus
818 2085 884 2123 ejus
910 2095 929 2117 a
952 2086 1127 2125 primordio

476 2127 713 2160 Humanitatem
738 2130 868 2170 scripsit
890 2133 1036 2165 omnibus
1056 2136 1155 2173 prior.

418 2184 450 2217 4.
476 2183 598 2223 Auriga
623 2193 732 2217 currus
758 2187 878 2225 primus
905 2191 953 2220 est
976 2190 1140 2229 mirabiliS,

476 2230 590 2262 Servat
614 2232 759 2265 Phisonis
786 2237 818 2265 et
840 2233 972 2275 figuram
996 2236 1134 2270 fluminis

475 2277 689 2320 Evangelista,
717 2281 766 2312 cui
793 2281 887 2314 datur
908 2292 988 2323 prae
1013 2287 1126 2318 ceteris

473 2324 623 2357 Formam
646 2336 812 2367 supremae
835 2328 922 2362 ferre
943 2331 1201 2376 pulchritudinis,

474 2371 556 2404 Nam
581 2374 666 2405 solus
692 2384 730 2406 ex
750 2375 799 2406 his
826 2380 873 2408 est
896 2378 988 2410 homo
1013 2381 1172 2416 notabilis.
