1651 2621
187 206 219 238 5.
245 200 387 237 Edificat
413 205 576 237 ecclesiam
869 206 898 238 7.
928 202 1069 239 Gentiles
1092 208 1124 236 et
1149 204 1320 237 catholicos

247 251 365 284 Sacrae
389 252 552 284 doctrinae
576 252 703 293 pabulo,
927 252 1105 292 Scriptores
1131 260 1238 285 omnes
1260 251 1399 289 superat,

243 299 358 332 Prodit
380 308 472 331 sacra
496 299 647 338 mysteria
924 300 1067 332 Isidorus
1092 298 1242 331 mirificus

244 347 349 378 Mirae
373 347 458 379 vocis
485 347 622 379 oraculo.
926 347 971 379 Ut
998 348 1110 380 doctor
1134 347 1234 379 almus
1260 345 1410 378 autumat.

188 406 219 438 6,
245 400 369 436 Fremit
392 404 491 442 pestis
515 403 677 435 haeretica
868 405 898 437 8.
925 400 1044 441 Honor,
1070 404 1170 436 virtus
1193 405 1224 434 et
1249 400 1351 443 gloria

245 451 344 482 Verbi
367 459 518 489 percussa
542 451 648 490 gladio
927 450 976 482 Sit
997 450 1143 492 trinitati,
1170 450 1273 491 gratia

242 497 362 536 Divini,
394 498 486 537 plebs
513 497 669 529 catholica
927 498 1023 537 Cujus
1048 498 1155 530 clausa
1178 495 1349 536 praeconia

244 545 400 584 Repletur
424 553 498 577 vero
524 546 650 585 gaudio.
927 545 959 576 Is
984 554 1042 577 sua
1065 544 1140 576 fecit
1165 544 1303 583 publica.

259 619 342 647 Ei·ev.
370 627 422 646 ms.
449 618 759 654 Romano-Angustia
786 627 860 647 saec.
890 617 933 646 15.
983 619 1051 647 Cod.
1079 619 1183 647 Senen.
1211 618 1235 645 F
1260 616 1319 645 VH
1344 614 1372 643 4.
1392 616 1426 643 A.
1452 630 1484 634 —

185 658 268 685 Brcv.
297 666 349 685 ms.
376 657 685 693 Romano-Augustin.
713 665 788 684 saec.
810 655 855 684 15.
903 657 970 684 eod.
994 657 1086 692 Capit.
1106 656 1247 685 Patavini
1272 655 1299 682 A
1325 652 1368 682 64.
1393 655 1427 682 Β,
1455 668 1492 672 —

187 694 212 728 1,
235 693 250 721 1
272 696 363 722 Duxit
384 703 510 722 errorem
529 694 564 721 A.
584 710 621 714 —
643 693 667 728 1,
688 693 706 722 3
725 694 803 722 redit:
819 695 853 722 B.
874 709 910 714 -
932 693 957 728 2,
979 693 997 722 3
1016 694 1157 722 donorum
1177 695 1210 721 B.
1229 709 1268 713 —-
1287 690 1313 724 2,
1333 690 1354 719 4
1372 699 1493 727 ymnum

186 732 337 760 colendum
356 733 390 759 B.
417 747 453 751 ——
479 729 509 765 3,
537 730 554 759 2
577 733 728 760 Donorum
754 740 856 765 pressa
875 733 907 760 Β.
932 748 969 752 ——-
996 731 1030 765 4,
1058 733 1076 760 ὃ
1095 733 1286 767 Jeronymum
1305 730 1339 757 B.
1359 746 1397 750 —-
1418 730 1448 762 6,
1475 727 1493 756 :3

188 771 302 798 Divina
321 772 356 799 A.
375 787 411 790 —
432 769 459 804 8,
480 768 501 797 4
518 770 589 797 fecit
607 772 729 806 praevia
747 769 781 797 A.

547 899 593 930 75.
623 899 658 930 In
679 898 882 931 conversione
904 907 928 930 s.
949 899 1131 939 Augustino.

741 975 790 1005 Ad
809 976 936 1006 Laudes.

447 1045 478 1077 1.
506 1044 642 1082 Christe,
669 1045 724 1084 qui
747 1045 831 1084 regis
854 1045 967 1085 Israel,
991 1045 1133 1084 intende,

504 1091 637 1131 Suscipe
660 1100 782 1130 preces,
810 1092 923 1130 quibus
948 1094 981 1122 te
1005 1100 1183 1131 precamur,

503 1138 549 1171 Ut
574 1139 668 1178 digne
692 1138 803 1171 laudes
828 1147 975 1178 promere
999 1138 1156 1178 possimus

549 1186 713 1218 Praesulis
739 1185 825 1225 almi,

446 1245 477 1276 2.
503 1242 615 1282 Magni
640 1242 788 1283 doctoriS,
814 1243 915 1282 patris
940 1243 1120 1283 Augustini,

504 1292 601 1328 Quem
625 1290 775 1322 relevasti
800 1291 912 1331 pelago
935 1289 1106 1332 profundo,

507 1337 551 1369 Ut
574 1337 728 1369 reniteret
750 1338 837 1378 gregi
863 1340 916 1369 tuo
942 1340 1052 1369 sancto

553 1384 674 1416 Celsior
700 1384 831 1418 cunctis.

446 1444 478 1475 3.
504 1441 620 1473 Omnes
645 1444 754 1473 acutas
779 1443 865 1472 artes
888 1441 1039 1473 liberales

504 1487 615 1519 Facile
646 1489 740 1520 discit
764 1489 889 1520 nemine
913 1489 1070 1528 tradente,

505 1534 574 1566 Nec
597 1538 629 1566 te
652 1538 804 1577 notescat,
831 1534 892 1567 nisi
916 1538 950 1567 tu
978 1536 1117 1578 doceres,

552 1582 600 1613 Te
623 1581 693 1614 fore
719 1583 833 1615 eibum.

448 1643 479 1674 4.
508 1641 584 1673 Cum
608 1642 641 1671 te
666 1639 800 1677 audiret,
826 1639 906 1670 mire
931 1639 1084 1676 radiatur,

505 1688 599 1727 Legis
625 1694 741 1718 arcana
764 1690 887 1718 reserat
911 1688 943 1717 et
968 1687 1069 1726 (locet,

505 1735 551 1766 Tc
576 1735 694 1766 trinum
717 1736 873 1765 monstrat
896 1734 1080 1774 pariterque
1102 1743 1200 1767 unum

553 1782 689 1821 Stupore
713 1781 837 1812 mentis.

447 1840 478 1872 5.
504 1838 606 1870 Tuam
630 1838 759 1876 exponit
782 1837 881 1868 altam
906 1837 1067 1870 civitatem

508 1885 549 1917 Et
573 1884 779 1924 infernorum,
805 1885 899 1916 simul
925 1887 955 1916 et
979 1889 1190 1926 praesentem,

509 1932 607 1971 Quam
632 1932 796 1964 redemisti
819 1932 923 1972 pretio
949 1933 1080 1976 cruoris,

557 1979 695 2011 Pulchre
718 1978 881 2012 reformat.

450 2038 481 2071 6.
509 2036 602 2068 Secat
627 2043 760 2075 errores,
786 2037 910 2076 regulat
935 2045 1113 2077 conversos,

506 2084 615 2115 Mores
642 2082 794 2122 declarat,
825 2084 978 2123 quidquid
1006 2085 1069 2116 dici
1093 2087 1208 2124 potest,

507 2130 598 2162 Nihil
622 2130 737 2169 omisit,
763 2131 847 2169 quod
871 2139 934 2163 non
960 2131 1110 2173 aperiret,

555 2178 610 2210 Sol
634 2186 725 2209 omne
748 2186 875 2218 gyrans.

452 2236 482 2268 7.
508 2234 593 2266 Laus
619 2235 754 2276 genitori
778 2235 945 2275 genitoque
970 2235 1073 2275 detur,

509 2282 648 2314 Flamini
674 2285 795 2322 sancto,
821 2283 881 2314 toti
905 2282 1052 2320 trinitati,

510 2330 570 2369 Qui
589 2329 680 2362 nobis
707 2330 807 2361 claret
830 2330 1000 2370 Augustini
1027 2331 1129 2374 dictis,

558 2376 670 2409 Gloria
693 2377 773 2411 Deo.
