<?xml version="1.0" encoding="UTF-8"?>
<!DOCTYPE html PUBLIC "-//W3C//DTD XHTML 1.0 Transitional//EN"
    "http://www.w3.org/TR/xhtml1/DTD/xhtml1-transitional.dtd">
<html xmlns="http://www.w3.org/1999/xhtml" xml:lang="en" lang="en">
 <head>
  <title>
</title>
<meta http-equiv="Content-Type" content="text/html;charset=utf-8" />
  <meta name='ocr-system' content='tesseract 3.04.00' />
  <meta name='ocr-capabilities' content='ocr_page ocr_carea ocr_par ocr_line ocrx_word'/>
</head>
<body>
  <div class='ocr_page' id='page_1' title='image "./analectahymnica22drevuoft_00145.png"; bbox 0 0 1651 2621; ppageno 0'>
   <div class='ocr_carea' id='block_1_1' title="bbox 669 113 918 148">
    <p class='ocr_par' dir='ltr' id='par_1_1' title="bbox 669 113 918 148">
     <span class='ocr_line' id='line_1_1' title="bbox 669 113 918 148; baseline 0.008 -1"><span class='ocrx_word' id='word_1_1' title='bbox 669 135 714 138; x_wconf 90' lang='lat'>--</span> <span class='ocrx_word' id='word_1_2' title='bbox 760 113 829 148; x_wconf 76' lang='lat'>142</span> <span class='ocrx_word' id='word_1_3' title='bbox 876 133 918 137; x_wconf 95' lang='lat'><strong>—</strong></span> 
     </span>
    </p>
   </div>
   <div class='ocr_carea' id='block_1_2' title="bbox 150 209 1371 779">
    <p class='ocr_par' dir='ltr' id='par_1_2' title="bbox 150 209 1283 299">
     <span class='ocr_line' id='line_1_2' title="bbox 150 209 1283 252; baseline -0.002 -10"><span class='ocrx_word' id='word_1_4' title='bbox 150 210 180 242; x_wconf 84' lang='lat'>5.</span> <span class='ocrx_word' id='word_1_5' title='bbox 206 209 272 244; x_wconf 91' lang='lat' dir='ltr'>Ubi</span> <span class='ocrx_word' id='word_1_6' title='bbox 296 212 351 242; x_wconf 89' lang='lat' dir='ltr'>tua</span> <span class='ocrx_word' id='word_1_7' title='bbox 374 209 555 248; x_wconf 79' lang='lat' dir='ltr'>praesentia</span> <span class='ocrx_word' id='word_1_8' title='bbox 837 211 870 243; x_wconf 88' lang='lat'>8.</span> <span class='ocrx_word' id='word_1_9' title='bbox 897 209 1068 252; x_wconf 84' lang='lat' dir='ltr'>Johannes,</span> <span class='ocrx_word' id='word_1_10' title='bbox 1095 209 1156 240; x_wconf 88' lang='lat' dir='ltr'>Dei</span> <span class='ocrx_word' id='word_1_11' title='bbox 1180 209 1283 250; x_wconf 85' lang='lat' dir='ltr'>gratia</span> 
     </span>
     <span class='ocr_line' id='line_1_3' title="bbox 208 254 1236 299; baseline -0.001 -10"><span class='ocrx_word' id='word_1_12' title='bbox 208 255 356 297; x_wconf 85' lang='lat' dir='ltr'>Refulget</span> <span class='ocrx_word' id='word_1_13' title='bbox 378 255 545 288; x_wconf 85' lang='lat' dir='ltr'>individua</span> <span class='ocrx_word' id='word_1_14' title='bbox 895 257 1038 289; x_wconf 88' lang='lat' dir='ltr'>Imbutus</span> <span class='ocrx_word' id='word_1_15' title='bbox 1064 254 1236 299; x_wconf 84' lang='lat' dir='ltr'>affluentia,</span> 
     </span>
    </p>

    <p class='ocr_par' dir='ltr' id='par_1_3' title="bbox 205 303 1275 391">
     <span class='ocr_line' id='line_1_4' title="bbox 207 303 1275 344; baseline -0.003 -7"><span class='ocrx_word' id='word_1_16' title='bbox 207 305 246 337; x_wconf 87' lang='lat' dir='ltr'>In</span> <span class='ocrx_word' id='word_1_17' title='bbox 270 303 450 344; x_wconf 83' lang='lat' dir='ltr'>angelorum</span> <span class='ocrx_word' id='word_1_18' title='bbox 474 304 599 343; x_wconf 78' lang='lat' dir='ltr'>agmina</span> <span class='ocrx_word' id='word_1_19' title='bbox 892 304 942 335; x_wconf 87' lang='lat' dir='ltr'>De</span> <span class='ocrx_word' id='word_1_20' title='bbox 965 306 1095 343; x_wconf 81' lang='lat' dir='ltr'>pectore</span> <span class='ocrx_word' id='word_1_21' title='bbox 1121 304 1275 336; x_wconf 90' lang='lat' dir='ltr'>dominico</span> 
     </span>
     <span class='ocr_line' id='line_1_5' title="bbox 205 350 1273 391; baseline -0.001 -8"><span class='ocrx_word' id='word_1_22' title='bbox 205 351 250 383; x_wconf 72' lang='lat' dir='ltr'>Et</span> <span class='ocrx_word' id='word_1_23' title='bbox 272 353 452 383; x_wconf 81' lang='lat' dir='ltr'>sanctorum</span> <span class='ocrx_word' id='word_1_24' title='bbox 474 351 597 383; x_wconf 82' lang='lat' dir='ltr'>militia.</span> <span class='ocrx_word' id='word_1_25' title='bbox 892 350 995 383; x_wconf 81' lang='lat' dir='ltr'>Fonte</span> <span class='ocrx_word' id='word_1_26' title='bbox 1019 351 1138 391; x_wconf 83' lang='lat' dir='ltr'>potasti</span> <span class='ocrx_word' id='word_1_27' title='bbox 1161 351 1273 383; x_wconf 79' lang='lat' dir='ltr'>rivulo.</span> 
     </span>
    </p>

    <p class='ocr_par' dir='ltr' id='par_1_4' title="bbox 152 406 1300 588">
     <span class='ocr_line' id='line_1_6' title="bbox 152 406 1276 447; baseline -0.002 -7"><span class='ocrx_word' id='word_1_28' title='bbox 152 409 182 440; x_wconf 88' lang='grc'>6.</span> <span class='ocrx_word' id='word_1_29' title='bbox 206 408 236 440; x_wconf 87' lang='grc' dir='ltr'><strong>Α</strong></span> <span class='ocrx_word' id='word_1_30' title='bbox 260 410 362 439; x_wconf 87' lang='lat' dir='ltr'>morte</span> <span class='ocrx_word' id='word_1_31' title='bbox 386 406 504 439; x_wconf 84' lang='lat' dir='ltr'>factum</span> <span class='ocrx_word' id='word_1_32' title='bbox 530 410 711 439; x_wconf 80' lang='lat' dir='ltr'>extraneum</span> <span class='ocrx_word' id='word_1_33' title='bbox 836 408 866 440; x_wconf 89' lang='lat'>9.</span> <span class='ocrx_word' id='word_1_34' title='bbox 892 409 1066 447; x_wconf 84' lang='lat' dir='ltr'>Assumpta</span> <span class='ocrx_word' id='word_1_35' title='bbox 1089 407 1147 439; x_wconf 87' lang='lat' dir='ltr'>tibi</span> <span class='ocrx_word' id='word_1_36' title='bbox 1170 407 1276 447; x_wconf 82' lang='lat' dir='ltr'>aquila</span> 
     </span>
     <span class='ocr_line' id='line_1_7' title="bbox 209 454 1293 496; baseline -0.002 -9"><span class='ocrx_word' id='word_1_37' title='bbox 209 455 411 495; x_wconf 83' lang='lat' dir='ltr'>Impollutum</span> <span class='ocrx_word' id='word_1_38' title='bbox 437 464 497 487; x_wconf 85' lang='lat' dir='ltr'>non</span> <span class='ocrx_word' id='word_1_39' title='bbox 526 454 644 496; x_wconf 88' lang='lat' dir='ltr'>dubito,</span> <span class='ocrx_word' id='word_1_40' title='bbox 894 456 952 494; x_wconf 49' lang='lat' dir='ltr'>(Qui</span> <span class='ocrx_word' id='word_1_41' title='bbox 976 455 1151 494; x_wconf 74' lang='lat' dir='ltr'>penetrasti</span> <span class='ocrx_word' id='word_1_42' title='bbox 1175 455 1293 495; x_wconf 80' lang='lat' dir='ltr'>sidera,</span> 
     </span>
     <span class='ocr_line' id='line_1_8' title="bbox 210 501 1212 541; baseline 0.001 -8"><span class='ocrx_word' id='word_1_43' title='bbox 210 501 319 534; x_wconf 83' lang='lat' dir='ltr'>Carnis</span> <span class='ocrx_word' id='word_1_44' title='bbox 344 510 450 533; x_wconf 82' lang='lat' dir='ltr'>amore</span> <span class='ocrx_word' id='word_1_45' title='bbox 475 501 576 541; x_wconf 87' lang='lat' dir='ltr'>cogito</span> <span class='ocrx_word' id='word_1_46' title='bbox 894 501 1019 534; x_wconf 86' lang='lat' dir='ltr'>Positus</span> <span class='ocrx_word' id='word_1_47' title='bbox 1043 503 1076 534; x_wconf 90' lang='lat' dir='ltr'>in</span> <span class='ocrx_word' id='word_1_48' title='bbox 1103 502 1212 534; x_wconf 80' lang='lat' dir='ltr'>exsilio</span> 
     </span>
     <span class='ocr_line' id='line_1_9' title="bbox 211 547 1300 588; baseline -0.001 -8"><span class='ocrx_word' id='word_1_49' title='bbox 211 549 409 588; x_wconf 63' lang='lat' dir='ltr'>‘virginitatis</span> <span class='ocrx_word' id='word_1_50' title='bbox 433 548 510 580; x_wconf 84' lang='lat' dir='ltr'>lilio.</span> <span class='ocrx_word' id='word_1_51' title='bbox 893 549 1086 582; x_wconf 80' lang='lat' dir='ltr'>sublimatus</span> <span class='ocrx_word' id='word_1_52' title='bbox 1111 559 1130 580; x_wconf 80' lang='lat' dir='ltr'>a</span> <span class='ocrx_word' id='word_1_53' title='bbox 1154 547 1300 580; x_wconf 81' lang='lat' dir='ltr'>Domino.</span> 
     </span>
    </p>

    <p class='ocr_par' dir='ltr' id='par_1_5' title="bbox 152 605 1371 779">
     <span class='ocr_line' id='line_1_10' title="bbox 152 605 1363 647; baseline -0.002 -10"><span class='ocrx_word' id='word_1_54' title='bbox 152 607 183 639; x_wconf 82' lang='lat'>7.</span> <span class='ocrx_word' id='word_1_55' title='bbox 208 605 451 645; x_wconf 79' lang='lat' dir='ltr'>Praerogativae</span> <span class='ocrx_word' id='word_1_56' title='bbox 474 606 645 644; x_wconf 80' lang='lat' dir='ltr'>praemium</span> <span class='ocrx_word' id='word_1_57' title='bbox 824 606 878 638; x_wconf 84' lang='lat'>10.</span> <span class='ocrx_word' id='word_1_58' title='bbox 894 606 1064 647; x_wconf 77' lang='lat' dir='ltr'>Johannes‚</span> <span class='ocrx_word' id='word_1_59' title='bbox 1089 614 1178 637; x_wconf 82' lang='lat' dir='ltr'>amor</span> <span class='ocrx_word' id='word_1_60' title='bbox 1201 605 1363 643; x_wconf 75' lang='lat' dir='ltr'>mentium,</span> 
     </span>
     <span class='ocr_line' id='line_1_11' title="bbox 211 651 1371 692; baseline 0.001 -9"><span class='ocrx_word' id='word_1_61' title='bbox 211 652 357 692; x_wconf 79' lang='lat' dir='ltr'>Suscepit</span> <span class='ocrx_word' id='word_1_62' title='bbox 379 652 578 691; x_wconf 83' lang='lat' dir='ltr'>privilegium</span> <span class='ocrx_word' id='word_1_63' title='bbox 893 651 1058 685; x_wconf 81' lang='lat' dir='ltr'>Inflamma</span> <span class='ocrx_word' id='word_1_64' title='bbox 1082 660 1136 684; x_wconf 84' lang='lat' dir='ltr'>cor</span> <span class='ocrx_word' id='word_1_65' title='bbox 1162 652 1371 684; x_wconf 74' lang='lat' dir='ltr'>clamantium.</span> 
     </span>
     <span class='ocr_line' id='line_1_12' title="bbox 209 698 1293 732; baseline 0 -3"><span class='ocrx_word' id='word_1_66' title='bbox 209 699 258 730; x_wconf 88' lang='lat' dir='ltr'>De</span> <span class='ocrx_word' id='word_1_67' title='bbox 282 702 383 730; x_wconf 76' lang='lat' dir='ltr'>matre</span> <span class='ocrx_word' id='word_1_68' title='bbox 407 699 525 731; x_wconf 87' lang='lat' dir='ltr'>Christi</span> <span class='ocrx_word' id='word_1_69' title='bbox 548 698 632 730; x_wconf 90' lang='lat' dir='ltr'>filius</span> <span class='ocrx_word' id='word_1_70' title='bbox 893 699 938 731; x_wconf 89' lang='lat' dir='ltr'>Ut</span> <span class='ocrx_word' id='word_1_71' title='bbox 962 700 1134 731; x_wconf 82' lang='lat' dir='ltr'>serviamus</span> <span class='ocrx_word' id='word_1_72' title='bbox 1158 699 1293 732; x_wconf 89' lang='lat' dir='ltr'>Domino</span> 
     </span>
     <span class='ocr_line' id='line_1_13' title="bbox 210 745 1236 779; baseline 0.001 -3"><span class='ocrx_word' id='word_1_73' title='bbox 210 746 491 777; x_wconf 83' lang='lat' dir='ltr'>Rccommendatus</span> <span class='ocrx_word' id='word_1_74' title='bbox 516 755 536 777; x_wconf 84' lang='lat' dir='ltr'>a</span> <span class='ocrx_word' id='word_1_75' title='bbox 559 745 701 779; x_wconf 89' lang='lat' dir='ltr'>Domino.</span> <span class='ocrx_word' id='word_1_76' title='bbox 894 746 1043 778; x_wconf 86' lang='lat' dir='ltr'>Succensi</span> <span class='ocrx_word' id='word_1_77' title='bbox 1069 746 1236 779; x_wconf 77' lang='lat' dir='ltr'>desiderio.</span> 
     </span>
    </p>
   </div>
   <div class='ocr_carea' id='block_1_3' title="bbox 148 801 1442 1119">
    <p class='ocr_par' dir='ltr' id='par_1_6' title="bbox 148 801 1442 1117">
     <span class='ocr_line' id='line_1_14' title="bbox 535 801 1054 843; baseline 0 -9"><span class='ocrx_word' id='word_1_78' title='bbox 535 803 588 834; x_wconf 85' lang='lat'>11.</span> <span class='ocrx_word' id='word_1_79' title='bbox 604 801 687 832; x_wconf 79' lang='lat' dir='ltr'>Laus</span> <span class='ocrx_word' id='word_1_80' title='bbox 712 801 753 833; x_wconf 86' lang='lat' dir='ltr'>sit</span> <span class='ocrx_word' id='word_1_81' title='bbox 777 802 861 841; x_wconf 89' lang='lat' dir='ltr'>patri</span> <span class='ocrx_word' id='word_1_82' title='bbox 885 811 954 834; x_wconf 88' lang='lat' dir='ltr'>cum</span> <span class='ocrx_word' id='word_1_83' title='bbox 979 801 1054 843; x_wconf 88' lang='lat' dir='ltr'>filio,</span> 
     </span>
     <span class='ocr_line' id='line_1_15' title="bbox 603 848 1034 891; baseline 0.005 -12"><span class='ocrx_word' id='word_1_84' title='bbox 603 848 708 880; x_wconf 78' lang='lat' dir='ltr'>Verbo</span> <span class='ocrx_word' id='word_1_85' title='bbox 732 848 895 880; x_wconf 81' lang='lat' dir='ltr'>incarnato</span> <span class='ocrx_word' id='word_1_86' title='bbox 921 849 1034 891; x_wconf 86' lang='lat' dir='ltr'>genito,</span> 
     </span>
     <span class='ocr_line' id='line_1_16' title="bbox 602 895 966 935; baseline 0.005 -9"><span class='ocrx_word' id='word_1_87' title='bbox 602 895 708 927; x_wconf 89' lang='lat' dir='ltr'>Posito</span> <span class='ocrx_word' id='word_1_88' title='bbox 733 895 766 926; x_wconf 88' lang='lat' dir='ltr'>in</span> <span class='ocrx_word' id='word_1_89' title='bbox 791 896 966 935; x_wconf 86' lang='lat' dir='ltr'>praesepio,</span> 
     </span>
     <span class='ocr_line' id='line_1_17' title="bbox 602 940 976 982; baseline 0.005 -9"><span class='ocrx_word' id='word_1_90' title='bbox 602 941 663 973; x_wconf 86' lang='lat' dir='ltr'>Pro</span> <span class='ocrx_word' id='word_1_91' title='bbox 687 940 809 974; x_wconf 88' lang='lat' dir='ltr'>infinito</span> <span class='ocrx_word' id='word_1_92' title='bbox 833 942 976 982; x_wconf 84' lang='lat' dir='ltr'>imperio.</span> 
     </span>
     <span class='ocr_line' id='line_1_18' title="bbox 228 1005 1441 1041; baseline 0 -8"><span class='ocrx_word' id='word_1_93' title='bbox 228 1006 311 1033; x_wconf 86' lang='lat' dir='ltr'>Brev.</span> <span class='ocrx_word' id='word_1_94' title='bbox 336 1014 389 1033; x_wconf 84' lang='lat' dir='ltr'>ms.</span> <span class='ocrx_word' id='word_1_95' title='bbox 416 1006 444 1033; x_wconf 91' lang='lat' dir='ltr'>S.</span> <span class='ocrx_word' id='word_1_96' title='bbox 464 1006 616 1033; x_wconf 79' lang='lat' dir='ltr'>Trinitatis</span> <span class='ocrx_word' id='word_1_97' title='bbox 642 1007 674 1033; x_wconf 92' lang='lat' dir='ltr'>in</span> <span class='ocrx_word' id='word_1_98' title='bbox 692 1006 816 1041; x_wconf 82' lang='lat' dir='ltr'>A1pibus</span> <span class='ocrx_word' id='word_1_99' title='bbox 841 1008 910 1034; x_wconf 84' lang='lat' dir='ltr'>anni</span> <span class='ocrx_word' id='word_1_100' title='bbox 933 1005 1013 1034; x_wconf 84' lang='lat'>1455.</span> <span class='ocrx_word' id='word_1_101' title='bbox 1054 1007 1123 1035; x_wconf 80' lang='lat' dir='ltr'>Cod.</span> <span class='ocrx_word' id='word_1_102' title='bbox 1143 1008 1331 1035; x_wconf 15' lang='lat' dir='ltr'>Lauimentian</span> <span class='ocrx_word' id='word_1_103' title='bbox 1354 1006 1441 1034; x_wconf 88' lang='lat' dir='ltr'>Conv.</span> 
     </span>
     <span class='ocr_line' id='line_1_19' title="bbox 151 1041 1442 1079; baseline 0.001 -9"><span class='ocrx_word' id='word_1_104' title='bbox 151 1051 205 1078; x_wconf 90' lang='lat' dir='ltr'>sup</span> <span class='ocrx_word' id='word_1_105' title='bbox 237 1041 301 1070; x_wconf 84' lang='lat'>512.</span> <span class='ocrx_word' id='word_1_106' title='bbox 330 1058 366 1062; x_wconf 91' lang='lat'>—-</span> <span class='ocrx_word' id='word_1_107' title='bbox 393 1042 424 1077; x_wconf 84' lang='lat'>1,</span> <span class='ocrx_word' id='word_1_108' title='bbox 449 1042 469 1071; x_wconf 86' lang='lat'>4</span> <span class='ocrx_word' id='word_1_109' title='bbox 487 1043 631 1071; x_wconf 87' lang='lat' dir='ltr'>Johanne.</span> <span class='ocrx_word' id='word_1_110' title='bbox 653 1058 690 1062; x_wconf 85' lang='lat'>—-</span> <span class='ocrx_word' id='word_1_111' title='bbox 716 1042 746 1077; x_wconf 73' lang='grc' dir='ltr'>ἕ3,</span> <span class='ocrx_word' id='word_1_112' title='bbox 774 1042 791 1072; x_wconf 79' lang='lat'><strong>3</strong></span> <span class='ocrx_word' id='word_1_113' title='bbox 811 1043 969 1072; x_wconf 72' lang='lat' dir='ltr'>Johannes.</span> <span class='ocrx_word' id='word_1_114' title='bbox 988 1059 1027 1063; x_wconf 90' lang='lat'>—</span> <span class='ocrx_word' id='word_1_115' title='bbox 1047 1043 1120 1079; x_wconf 83' lang='lat'>6,1</span> <span class='ocrx_word' id='word_1_116' title='bbox 1143 1045 1218 1073; x_wconf 86' lang='lat' dir='ltr'>facto</span> <span class='ocrx_word' id='word_1_117' title='bbox 1239 1047 1385 1072; x_wconf 85' lang='lat' dir='ltr'>extraneo.</span> <span class='ocrx_word' id='word_1_118' title='bbox 1405 1059 1442 1063; x_wconf 84' lang='lat'>--</span> 
     </span>
     <span class='ocr_line' id='line_1_20' title="bbox 148 1079 1440 1119; baseline 0.003 -13"><span class='ocrx_word' id='word_1_119' title='bbox 148 1079 211 1113; x_wconf 82' lang='lat'>7,1</span> <span class='ocrx_word' id='word_1_120' title='bbox 232 1080 447 1117; x_wconf 76' lang='lat' dir='ltr'>Praerogativo.</span> <span class='ocrx_word' id='word_1_121' title='bbox 461 1096 499 1100; x_wconf 89' lang='lat'>—</span> <span class='ocrx_word' id='word_1_122' title='bbox 518 1080 544 1112; x_wconf 84' lang='lat'>7,</span> <span class='ocrx_word' id='word_1_123' title='bbox 565 1079 583 1108; x_wconf 84' lang='lat'><strong>3</strong></span> <span class='ocrx_word' id='word_1_124' title='bbox 602 1080 673 1108; x_wconf 91' lang='lat' dir='ltr'>filio.</span> <span class='ocrx_word' id='word_1_125' title='bbox 692 1095 729 1100; x_wconf 82' lang='lat'>—-</span> <span class='ocrx_word' id='word_1_126' title='bbox 749 1080 775 1114; x_wconf 88' lang='lat'>7,</span> <span class='ocrx_word' id='word_1_127' title='bbox 795 1080 1103 1110; x_wconf 76' lang='lat' dir='ltr'>4Reeommentatum.</span> <span class='ocrx_word' id='word_1_128' title='bbox 1117 1097 1156 1101; x_wconf 91' lang='lat'><strong>—</strong></span> <span class='ocrx_word' id='word_1_129' title='bbox 1175 1081 1203 1119; x_wconf 83' lang='lat'>9,</span> <span class='ocrx_word' id='word_1_130' title='bbox 1222 1080 1240 1108; x_wconf 83' lang='grc'>2</span> <span class='ocrx_word' id='word_1_131' title='bbox 1255 1083 1335 1116; x_wconf 82' lang='lat' dir='ltr'>Quae</span> <span class='ocrx_word' id='word_1_132' title='bbox 1355 1091 1440 1117; x_wconf 79' lang='lat' dir='ltr'>pene-</span> 
     </span>
    </p>
   </div>
   <div class='ocr_carea' id='block_1_4' title="bbox 150 1100 1441 1153">
    <p class='ocr_par' dir='ltr' id='par_1_7' title="bbox 150 1100 1441 1153">
     <span class='ocr_line' id='line_1_21' title="bbox 150 1100 1441 1153; baseline 0.002 -9"><span class='ocrx_word' id='word_1_133' title='bbox 150 1100 243 1145; x_wconf 75' lang='lat' dir='ltr'>t1⁷·asti-</span> <span class='ocrx_word' id='word_1_134' title='bbox 264 1132 300 1136; x_wconf 90' lang='lat'>—-</span> <span class='ocrx_word' id='word_1_135' title='bbox 321 1117 346 1151; x_wconf 88' lang='grc'>9,</span> <span class='ocrx_word' id='word_1_136' title='bbox 367 1116 387 1144; x_wconf 87' lang='lat'>4</span> <span class='ocrx_word' id='word_1_137' title='bbox 406 1118 578 1146; x_wconf 81' lang='lat' dir='ltr'>Sublimato.</span> <span class='ocrx_word' id='word_1_138' title='bbox 605 1132 642 1136; x_wconf 92' lang='lat'>—</span> <span class='ocrx_word' id='word_1_139' title='bbox 670 1117 717 1153; x_wconf 87' lang='grc'>10,</span> <span class='ocrx_word' id='word_1_140' title='bbox 747 1117 762 1145; x_wconf 93' lang='grc'>1</span> <span class='ocrx_word' id='word_1_141' title='bbox 783 1127 864 1147; x_wconf 82' lang='lat' dir='ltr'>amm</span> <span class='ocrx_word' id='word_1_142' title='bbox 883 1119 1053 1147; x_wconf 79' lang='lat' dir='ltr'>ardentium.</span> <span class='ocrx_word' id='word_1_143' title='bbox 1074 1136 1111 1140; x_wconf 84' lang='lat'>—</span> <span class='ocrx_word' id='word_1_144' title='bbox 1133 1118 1181 1153; x_wconf 86' lang='grc'>11,</span> <span class='ocrx_word' id='word_1_145' title='bbox 1195 1105 1224 1146; x_wconf 86' lang='lat'>&#39;1</span> <span class='ocrx_word' id='word_1_146' title='bbox 1246 1119 1441 1147; x_wconf 61' lang='grc'>5111111111.-</span> 
     </span>
    </p>
   </div>
   <div class='ocr_carea' id='block_1_5' title="bbox 147 1153 1439 1231">
    <p class='ocr_par' dir='ltr' id='par_1_8' title="bbox 147 1153 1439 1231">
     <span class='ocr_line' id='line_1_22' title="bbox 149 1153 1439 1194; baseline 0.002 -13"><span class='ocrx_word' id='word_1_147' title='bbox 149 1153 199 1187; x_wconf 84' lang='lat'>11,</span> <span class='ocrx_word' id='word_1_148' title='bbox 226 1153 243 1180; x_wconf 74' lang='lat'>3</span> <span class='ocrx_word' id='word_1_149' title='bbox 265 1156 301 1182; x_wconf 81' lang='lat' dir='ltr'>Pr</span> <span class='ocrx_word' id='word_1_150' title='bbox 308 1158 402 1183; x_wconf 73' lang='lat' dir='ltr'>situm.</span> <span class='ocrx_word' id='word_1_151' title='bbox 424 1171 460 1175; x_wconf 94' lang='lat'>——</span> <span class='ocrx_word' id='word_1_152' title='bbox 483 1154 524 1187; x_wconf 88' lang='grc'>11,</span> <span class='ocrx_word' id='word_1_153' title='bbox 546 1154 633 1183; x_wconf 83' lang='lat' dir='ltr'>4Per</span> <span class='ocrx_word' id='word_1_154' title='bbox 650 1156 771 1183; x_wconf 76' lang='lat' dir='ltr'>infinito.</span> <span class='ocrx_word' id='word_1_155' title='bbox 792 1172 829 1176; x_wconf 92' lang='lat'>—-</span> <span class='ocrx_word' id='word_1_156' title='bbox 848 1156 909 1183; x_wconf 82' lang='lat' dir='ltr'>Der</span> <span class='ocrx_word' id='word_1_157' title='bbox 927 1166 973 1184; x_wconf 84' lang='lat' dir='ltr'>ur</span> <span class='ocrx_word' id='word_1_158' title='bbox 964 1158 1131 1194; x_wconf 58' lang='lat' dir='ltr'>spyiinglich</span> <span class='ocrx_word' id='word_1_159' title='bbox 1152 1157 1261 1185; x_wconf 80' lang='lat' dir='ltr'>‹lunkle</span> <span class='ocrx_word' id='word_1_160' title='bbox 1273 1159 1349 1185; x_wconf 78' lang='lat' dir='ltr'>Text</span> <span class='ocrx_word' id='word_1_161' title='bbox 1367 1158 1439 1184; x_wconf 85' lang='lat' dir='ltr'>wird</span> 
     </span>
     <span class='ocr_line' id='line_1_23' title="bbox 147 1192 1215 1231; baseline 0.003 -12"><span class='ocrx_word' id='word_1_162' title='bbox 147 1193 223 1220; x_wconf 79' lang='lat' dir='ltr'>noch</span> <span class='ocrx_word' id='word_1_163' title='bbox 245 1192 367 1221; x_wconf 83' lang='lat' dir='ltr'>dunkler</span> <span class='ocrx_word' id='word_1_164' title='bbox 389 1192 478 1220; x_wconf 80' lang='lat' dir='ltr'>durch</span> <span class='ocrx_word' id='word_1_165' title='bbox 499 1193 546 1220; x_wconf 84' lang='lat' dir='ltr'>die</span> <span class='ocrx_word' id='word_1_166' title='bbox 560 1194 813 1228; x_wconf 80' lang='lat' dir='ltr'>augenscheinlich</span> <span class='ocrx_word' id='word_1_167' title='bbox 827 1193 972 1222; x_wconf 76' lang='lat' dir='ltr'>schlechte</span> <span class='ocrx_word' id='word_1_168' title='bbox 984 1195 1215 1231; x_wconf 80' lang='lat' dir='ltr'>Ubeilieferung</span> 
     </span>
    </p>
   </div>
   <div class='ocr_carea' id='block_1_6' title="bbox 518 1273 1057 1369">
    <p class='ocr_par' dir='ltr' id='par_1_9' title="bbox 518 1273 1057 1369">
     <span class='ocr_line' id='line_1_24' title="bbox 518 1273 1057 1307; baseline 0.002 -3"><span class='ocrx_word' id='word_1_169' title='bbox 518 1274 582 1305; x_wconf 83' lang='lat'>238.</span> <span class='ocrx_word' id='word_1_170' title='bbox 613 1273 656 1305; x_wconf 84' lang='lat' dir='ltr'>De</span> <span class='ocrx_word' id='word_1_171' title='bbox 678 1283 701 1305; x_wconf 88' lang='lat' dir='ltr'>s.</span> <span class='ocrx_word' id='word_1_172' title='bbox 722 1275 861 1306; x_wconf 80' lang='lat' dir='ltr'>Johanne</span> <span class='ocrx_word' id='word_1_173' title='bbox 883 1276 1057 1307; x_wconf 78' lang='lat' dir='ltr'>Gualherto.</span> 
     </span>
     <span class='ocr_line' id='line_1_25' title="bbox 683 1330 904 1369; baseline -0.005 -8"><span class='ocrx_word' id='word_1_174' title='bbox 683 1330 732 1361; x_wconf 72' lang='lat' dir='ltr'>Ad</span> <span class='ocrx_word' id='word_1_175' title='bbox 749 1332 904 1369; x_wconf 76' lang='lat' dir='ltr'>Vesperas.</span> 
     </span>
    </p>
   </div>
   <div class='ocr_carea' id='block_1_7' title="bbox 408 1391 1094 1569">
    <p class='ocr_par' dir='ltr' id='par_1_10' title="bbox 408 1391 1094 1525">
     <span class='ocr_line' id='line_1_26' title="bbox 408 1391 1056 1432; baseline 0 -10"><span class='ocrx_word' id='word_1_176' title='bbox 408 1391 437 1422; x_wconf 76' lang='lat'>1.</span> <span class='ocrx_word' id='word_1_177' title='bbox 464 1392 489 1423; x_wconf 92' lang='lat' dir='ltr'>O</span> <span class='ocrx_word' id='word_1_178' title='bbox 515 1400 636 1422; x_wconf 84' lang='lat' dir='ltr'>summa</span> <span class='ocrx_word' id='word_1_179' title='bbox 661 1391 761 1422; x_wconf 89' lang='lat' dir='ltr'>deitas</span> <span class='ocrx_word' id='word_1_180' title='bbox 787 1394 819 1422; x_wconf 84' lang='lat' dir='ltr'>et</span> <span class='ocrx_word' id='word_1_181' title='bbox 840 1391 1056 1432; x_wconf 82' lang='lat' dir='ltr'>immutabilis,</span> 
     </span>
     <span class='ocr_line' id='line_1_27' title="bbox 464 1437 1057 1479; baseline -0.002 -9"><span class='ocrx_word' id='word_1_182' title='bbox 464 1438 488 1470; x_wconf 89' lang='lat' dir='ltr'><strong>O</strong></span> <span class='ocrx_word' id='word_1_183' title='bbox 515 1446 591 1469; x_wconf 85' lang='lat' dir='ltr'>crux</span> <span class='ocrx_word' id='word_1_184' title='bbox 614 1437 748 1469; x_wconf 84' lang='lat' dir='ltr'>mirifica</span> <span class='ocrx_word' id='word_1_185' title='bbox 773 1441 804 1469; x_wconf 85' lang='lat' dir='ltr'>et</span> <span class='ocrx_word' id='word_1_186' title='bbox 828 1438 1057 1479; x_wconf 82' lang='lat' dir='ltr'>amplexabilis,</span> 
     </span>
     <span class='ocr_line' id='line_1_28' title="bbox 464 1482 1094 1525; baseline 0.002 -9"><span class='ocrx_word' id='word_1_187' title='bbox 464 1484 505 1516; x_wconf 90' lang='lat' dir='ltr'>Se</span> <span class='ocrx_word' id='word_1_188' title='bbox 529 1482 628 1516; x_wconf 86' lang='lat' dir='ltr'>flectit</span> <span class='ocrx_word' id='word_1_189' title='bbox 650 1485 784 1525; x_wconf 88' lang='lat' dir='ltr'>servulo,</span> <span class='ocrx_word' id='word_1_190' title='bbox 812 1495 829 1517; x_wconf 96' lang='lat'><em>0</em></span> <span class='ocrx_word' id='word_1_191' title='bbox 854 1494 904 1516; x_wconf 86' lang='lat' dir='ltr'>res</span> <span class='ocrx_word' id='word_1_192' title='bbox 930 1485 1094 1525; x_wconf 89' lang='lat' dir='ltr'>mirabilis,</span> 
     </span>
    </p>

    <p class='ocr_par' dir='ltr' id='par_1_11' title="bbox 509 1531 874 1569">
     <span class='ocr_line' id='line_1_29' title="bbox 509 1531 874 1569; baseline 0.003 -7"><span class='ocrx_word' id='word_1_193' title='bbox 509 1531 594 1563; x_wconf 86' lang='lat' dir='ltr'>Deus</span> <span class='ocrx_word' id='word_1_194' title='bbox 619 1540 676 1569; x_wconf 91' lang='lat' dir='ltr'>pro</span> <span class='ocrx_word' id='word_1_195' title='bbox 701 1531 747 1563; x_wconf 86' lang='lat' dir='ltr'>rei</span> <span class='ocrx_word' id='word_1_196' title='bbox 772 1533 874 1563; x_wconf 81' lang='lat' dir='ltr'>venia.</span> 
     </span>
    </p>
   </div>
   <div class='ocr_carea' id='block_1_8' title="bbox 405 1586 1166 1873">
    <p class='ocr_par' dir='ltr' id='par_1_12' title="bbox 405 1586 1166 1722">
     <span class='ocr_line' id='line_1_30' title="bbox 405 1586 1166 1627; baseline 0.004 -10"><span class='ocrx_word' id='word_1_197' title='bbox 405 1588 437 1618; x_wconf 82' lang='lat'>2.</span> <span class='ocrx_word' id='word_1_198' title='bbox 463 1586 597 1618; x_wconf 79' lang='lat' dir='ltr'>Tantum</span> <span class='ocrx_word' id='word_1_199' title='bbox 622 1587 804 1627; x_wconf 80' lang='lat' dir='ltr'>mysterium</span> <span class='ocrx_word' id='word_1_200' title='bbox 830 1589 931 1620; x_wconf 89' lang='lat' dir='ltr'>crucis</span> <span class='ocrx_word' id='word_1_201' title='bbox 957 1588 1004 1621; x_wconf 88' lang='lat' dir='ltr'>vir</span> <span class='ocrx_word' id='word_1_202' title='bbox 1030 1590 1166 1620; x_wconf 82' lang='lat' dir='ltr'>coelicus</span> 
     </span>
     <span class='ocr_line' id='line_1_31' title="bbox 466 1633 1165 1673; baseline 0.001 -7"><span class='ocrx_word' id='word_1_203' title='bbox 466 1633 602 1666; x_wconf 82' lang='lat' dir='ltr'>Cernens</span> <span class='ocrx_word' id='word_1_204' title='bbox 628 1642 697 1665; x_wconf 89' lang='lat' dir='ltr'>cum</span> <span class='ocrx_word' id='word_1_205' title='bbox 722 1634 875 1673; x_wconf 76' lang='lat' dir='ltr'>pluribus,</span> <span class='ocrx_word' id='word_1_206' title='bbox 902 1638 990 1667; x_wconf 84' lang='lat' dir='ltr'>actus</span> <span class='ocrx_word' id='word_1_207' title='bbox 1015 1634 1165 1667; x_wconf 83' lang='lat' dir='ltr'>mirificus</span> 
     </span>
     <span class='ocr_line' id='line_1_32' title="bbox 466 1680 1065 1722; baseline 0.002 -9"><span class='ocrx_word' id='word_1_208' title='bbox 466 1680 629 1720; x_wconf 79' lang='lat' dir='ltr'>Relinquit</span> <span class='ocrx_word' id='word_1_209' title='bbox 653 1680 756 1712; x_wconf 87' lang='lat' dir='ltr'>omnia</span> <span class='ocrx_word' id='word_1_210' title='bbox 782 1684 813 1712; x_wconf 87' lang='lat' dir='ltr'>et</span> <span class='ocrx_word' id='word_1_211' title='bbox 837 1681 873 1713; x_wconf 87' lang='lat' dir='ltr'>fit</span> <span class='ocrx_word' id='word_1_212' title='bbox 896 1682 1065 1722; x_wconf 82' lang='lat' dir='ltr'>theoricus,</span> 
     </span>
    </p>

    <p class='ocr_par' dir='ltr' id='par_1_13' title="bbox 511 1727 1001 1768">
     <span class='ocr_line' id='line_1_33' title="bbox 511 1727 1001 1768; baseline 0.006 -10"><span class='ocrx_word' id='word_1_213' title='bbox 511 1727 669 1766; x_wconf 76' lang='lat' dir='ltr'>Quaerens</span> <span class='ocrx_word' id='word_1_214' title='bbox 696 1728 834 1760; x_wconf 87' lang='lat' dir='ltr'>divinam</span> <span class='ocrx_word' id='word_1_215' title='bbox 859 1729 1001 1768; x_wconf 83' lang='lat' dir='ltr'>gloriam.</span> 
     </span>
    </p>

    <p class='ocr_par' dir='ltr' id='par_1_14' title="bbox 406 1783 1115 1825">
     <span class='ocr_line' id='line_1_34' title="bbox 406 1783 1115 1825; baseline 0.001 -9"><span class='ocrx_word' id='word_1_216' title='bbox 406 1785 435 1816; x_wconf 84' lang='lat'>3.</span> <span class='ocrx_word' id='word_1_217' title='bbox 458 1783 536 1815; x_wconf 85' lang='lat' dir='ltr'>Tale</span> <span class='ocrx_word' id='word_1_218' title='bbox 559 1783 739 1824; x_wconf 88' lang='lat' dir='ltr'>prodigium</span> <span class='ocrx_word' id='word_1_219' title='bbox 763 1793 915 1825; x_wconf 84' lang='lat' dir='ltr'>nusquam</span> <span class='ocrx_word' id='word_1_220' title='bbox 938 1785 1115 1825; x_wconf 82' lang='lat' dir='ltr'>inspicitur,</span> 
     </span>
    </p>

    <p class='ocr_par' dir='ltr' id='par_1_15' title="bbox 463 1829 1097 1873">
     <span class='ocr_line' id='line_1_35' title="bbox 463 1829 1097 1873; baseline 0.002 -10"><span class='ocrx_word' id='word_1_221' title='bbox 463 1831 526 1863; x_wconf 86' lang='lat' dir='ltr'>Pro</span> <span class='ocrx_word' id='word_1_222' title='bbox 548 1829 700 1863; x_wconf 84' lang='lat' dir='ltr'>beneficio</span> <span class='ocrx_word' id='word_1_223' title='bbox 725 1840 855 1871; x_wconf 84' lang='lat' dir='ltr'>regnum</span> <span class='ocrx_word' id='word_1_224' title='bbox 880 1832 942 1863; x_wconf 90' lang='lat' dir='ltr'>vim</span> <span class='ocrx_word' id='word_1_225' title='bbox 966 1833 1097 1873; x_wconf 77' lang='lat' dir='ltr'>patitur,</span> 
     </span>
    </p>
   </div>
   <div class='ocr_carea' id='block_1_9' title="bbox 465 1878 1150 1966">
    <p class='ocr_par' dir='ltr' id='par_1_16' title="bbox 465 1878 1150 1966">
     <span class='ocr_line' id='line_1_36' title="bbox 465 1878 1150 1919; baseline 0.001 -9"><span class='ocrx_word' id='word_1_226' title='bbox 465 1878 632 1910; x_wconf 77' lang='lat' dir='ltr'>Cum-amus</span> <span class='ocrx_word' id='word_1_227' title='bbox 658 1878 783 1919; x_wconf 87' lang='lat' dir='ltr'>singuli,</span> <span class='ocrx_word' id='word_1_228' title='bbox 811 1879 929 1911; x_wconf 87' lang='lat' dir='ltr'>coelum</span> <span class='ocrx_word' id='word_1_229' title='bbox 954 1880 1150 1919; x_wconf 83' lang='lat' dir='ltr'>promittitur</span> 
     </span>
     <span class='ocr_line' id='line_1_37' title="bbox 507 1924 946 1966; baseline 0.009 -11"><span class='ocrx_word' id='word_1_230' title='bbox 507 1924 552 1956; x_wconf 79' lang='lat' dir='ltr'>Et</span> <span class='ocrx_word' id='word_1_231' title='bbox 576 1926 667 1957; x_wconf 83' lang='lat' dir='ltr'>datur</span> <span class='ocrx_word' id='word_1_232' title='bbox 692 1934 813 1957; x_wconf 86' lang='lat' dir='ltr'>summa</span> <span class='ocrx_word' id='word_1_233' title='bbox 837 1926 946 1966; x_wconf 78' lang='lat' dir='ltr'>gloria.</span> 
     </span>
    </p>
   </div>
   <div class='ocr_carea' id='block_1_10' title="bbox 404 1981 1137 2269">
    <p class='ocr_par' dir='ltr' id='par_1_17' title="bbox 404 1981 1137 2118">
     <span class='ocr_line' id='line_1_38' title="bbox 404 1981 1045 2022; baseline 0.003 -9"><span class='ocrx_word' id='word_1_234' title='bbox 404 1982 434 2013; x_wconf 90' lang='lat'>4.</span> <span class='ocrx_word' id='word_1_235' title='bbox 461 1981 546 2014; x_wconf 88' lang='lat' dir='ltr'>Ordo</span> <span class='ocrx_word' id='word_1_236' title='bbox 570 1982 760 2013; x_wconf 83' lang='lat' dir='ltr'>monasticus</span> <span class='ocrx_word' id='word_1_237' title='bbox 785 1982 887 2022; x_wconf 83' lang='lat' dir='ltr'>patris</span> <span class='ocrx_word' id='word_1_238' title='bbox 912 1983 1045 2022; x_wconf 87' lang='lat' dir='ltr'>vestigia</span> 
     </span>
     <span class='ocr_line' id='line_1_39' title="bbox 463 2028 1069 2073; baseline 0.003 -13"><span class='ocrx_word' id='word_1_239' title='bbox 463 2028 618 2067; x_wconf 83' lang='lat' dir='ltr'>Sequatur</span> <span class='ocrx_word' id='word_1_240' title='bbox 639 2029 787 2068; x_wconf 77' lang='lat' dir='ltr'>moribus,</span> <span class='ocrx_word' id='word_1_241' title='bbox 815 2029 901 2069; x_wconf 84' lang='lat' dir='ltr'>fugat</span> <span class='ocrx_word' id='word_1_242' title='bbox 927 2033 960 2061; x_wconf 82' lang='lat' dir='ltr'>et.</span> <span class='ocrx_word' id='word_1_243' title='bbox 982 2031 1069 2073; x_wconf 84' lang='lat' dir='ltr'>vitia,</span> 
     </span>
     <span class='ocr_line' id='line_1_40' title="bbox 464 2075 1137 2118; baseline 0.004 -12"><span class='ocrx_word' id='word_1_244' title='bbox 464 2075 580 2107; x_wconf 65' lang='lat' dir='ltr'>Credat</span> <span class='ocrx_word' id='word_1_245' title='bbox 605 2078 634 2106; x_wconf 87' lang='lat' dir='ltr'>et</span> <span class='ocrx_word' id='word_1_246' title='bbox 659 2076 803 2115; x_wconf 80' lang='lat' dir='ltr'>patribus</span> <span class='ocrx_word' id='word_1_247' title='bbox 827 2078 953 2117; x_wconf 82' lang='lat' dir='ltr'>praxin,</span> <span class='ocrx_word' id='word_1_248' title='bbox 979 2078 1137 2118; x_wconf 84' lang='lat' dir='ltr'>principia</span> 
     </span>
    </p>

    <p class='ocr_par' dir='ltr' id='par_1_18' title="bbox 510 2123 973 2163">
     <span class='ocr_line' id='line_1_41' title="bbox 510 2123 973 2163; baseline 0.006 -10"><span class='ocrx_word' id='word_1_249' title='bbox 510 2123 682 2154; x_wconf 84' lang='lat' dir='ltr'>Intendens</span> <span class='ocrx_word' id='word_1_250' title='bbox 707 2126 781 2163; x_wconf 86' lang='lat' dir='ltr'>post</span> <span class='ocrx_word' id='word_1_251' title='bbox 804 2124 973 2156; x_wconf 83' lang='lat' dir='ltr'>theoricus.</span> 
     </span>
    </p>

    <p class='ocr_par' dir='ltr' id='par_1_19' title="bbox 405 2179 1105 2220">
     <span class='ocr_line' id='line_1_42' title="bbox 405 2179 1105 2220; baseline 0.006 -11"><span class='ocrx_word' id='word_1_252' title='bbox 405 2180 435 2211; x_wconf 84' lang='lat'>5.</span> <span class='ocrx_word' id='word_1_253' title='bbox 461 2179 518 2218; x_wconf 86' lang='lat' dir='ltr'>Te,</span> <span class='ocrx_word' id='word_1_254' title='bbox 545 2179 629 2210; x_wconf 84' lang='lat' dir='ltr'>trina.</span> <span class='ocrx_word' id='word_1_255' title='bbox 654 2179 766 2220; x_wconf 84' lang='lat' dir='ltr'>deitas,</span> <span class='ocrx_word' id='word_1_256' title='bbox 792 2189 915 2220; x_wconf 83' lang='lat' dir='ltr'>unaque</span> <span class='ocrx_word' id='word_1_257' title='bbox 938 2181 1105 2220; x_wconf 83' lang='lat' dir='ltr'>poscimus,</span> 
     </span>
    </p>

    <p class='ocr_par' dir='ltr' id='par_1_20' title="bbox 463 2225 1129 2269">
     <span class='ocr_line' id='line_1_43' title="bbox 463 2225 1129 2269; baseline 0.003 -10"><span class='ocrx_word' id='word_1_258' title='bbox 463 2225 516 2259; x_wconf 88' lang='lat' dir='ltr'>Sic</span> <span class='ocrx_word' id='word_1_259' title='bbox 540 2228 575 2257; x_wconf 87' lang='lat' dir='ltr'>tu</span> <span class='ocrx_word' id='word_1_260' title='bbox 597 2235 654 2258; x_wconf 91' lang='lat' dir='ltr'>nos</span> <span class='ocrx_word' id='word_1_261' title='bbox 678 2227 798 2269; x_wconf 87' lang='lat' dir='ltr'>visitas,</span> <span class='ocrx_word' id='word_1_262' title='bbox 824 2229 907 2260; x_wconf 86' lang='lat' dir='ltr'>sicut</span> <span class='ocrx_word' id='word_1_263' title='bbox 930 2231 963 2260; x_wconf 87' lang='lat' dir='ltr'>te</span> <span class='ocrx_word' id='word_1_264' title='bbox 988 2229 1129 2269; x_wconf 87' lang='lat' dir='ltr'>colimus,</span> 
     </span>
    </p>
   </div>
   <div class='ocr_carea' id='block_1_11' title="bbox 461 2274 1230 2363">
    <p class='ocr_par' dir='ltr' id='par_1_21' title="bbox 461 2274 1230 2363">
     <span class='ocr_line' id='line_1_44' title="bbox 461 2274 1230 2319; baseline 0.007 -15"><span class='ocrx_word' id='word_1_265' title='bbox 461 2274 523 2305; x_wconf 83' lang='lat' dir='ltr'>Per</span> <span class='ocrx_word' id='word_1_266' title='bbox 548 2276 617 2306; x_wconf 87' lang='lat' dir='ltr'>tuas</span> <span class='ocrx_word' id='word_1_267' title='bbox 642 2275 769 2306; x_wconf 82' lang='lat' dir='ltr'>semitas</span> <span class='ocrx_word' id='word_1_268' title='bbox 796 2275 857 2307; x_wconf 89' lang='lat' dir='ltr'>duc</span> <span class='ocrx_word' id='word_1_269' title='bbox 881 2284 948 2319; x_wconf 76' lang='lat' dir='ltr'>nos,</span> <span class='ocrx_word' id='word_1_270' title='bbox 975 2284 1035 2315; x_wconf 87' lang='lat' dir='ltr'>quo</span> <span class='ocrx_word' id='word_1_271' title='bbox 1061 2277 1230 2317; x_wconf 73' lang='lat' dir='ltr'>tendimus,</span> 
     </span>
     <span class='ocr_line' id='line_1_45' title="bbox 507 2321 1010 2363; baseline 0.004 -11"><span class='ocrx_word' id='word_1_272' title='bbox 507 2321 561 2353; x_wconf 81' lang='lat' dir='ltr'>Ad</span> <span class='ocrx_word' id='word_1_273' title='bbox 584 2322 698 2362; x_wconf 74' lang='lat' dir='ltr'>lucem,</span> <span class='ocrx_word' id='word_1_274' title='bbox 725 2331 816 2363; x_wconf 89' lang='lat' dir='ltr'>quam</span> <span class='ocrx_word' id='word_1_275' title='bbox 842 2322 1010 2356; x_wconf 83' lang='lat' dir='ltr'>inhabitas.</span> 
     </span>
    </p>
   </div>
   <div class='ocr_carea' id='block_1_12' title="bbox 219 2385 1443 2429">
    <p class='ocr_par' dir='ltr' id='par_1_22' title="bbox 219 2385 1443 2429">
     <span class='ocr_line' id='line_1_46' title="bbox 219 2385 1443 2429; baseline 0.007 -17"><span class='ocrx_word' id='word_1_276' title='bbox 219 2385 303 2412; x_wconf 83' lang='lat' dir='ltr'>Brev.</span> <span class='ocrx_word' id='word_1_277' title='bbox 324 2393 375 2412; x_wconf 88' lang='lat' dir='ltr'>ms.</span> <span class='ocrx_word' id='word_1_278' title='bbox 400 2385 675 2414; x_wconf 83' lang='lat' dir='ltr'>Vallumbrosanum</span> <span class='ocrx_word' id='word_1_279' title='bbox 701 2395 776 2415; x_wconf 83' lang='lat' dir='ltr'>saec.</span> <span class='ocrx_word' id='word_1_280' title='bbox 800 2385 843 2415; x_wconf 82' lang='lat'>15.</span> <span class='ocrx_word' id='word_1_281' title='bbox 884 2387 954 2415; x_wconf 87' lang='lat' dir='ltr'>Cod.</span> <span class='ocrx_word' id='word_1_282' title='bbox 974 2388 1163 2417; x_wconf 85' lang='lat' dir='ltr'>Laurentian.</span> <span class='ocrx_word' id='word_1_283' title='bbox 1186 2390 1276 2419; x_wconf 77' lang='lat' dir='ltr'>ConV.</span> <span class='ocrx_word' id='word_1_284' title='bbox 1294 2401 1358 2429; x_wconf 86' lang='lat' dir='ltr'>sup.</span> <span class='ocrx_word' id='word_1_285' title='bbox 1379 2391 1443 2421; x_wconf 86' lang='lat'>547.</span> 
     </span>
    </p>
   </div>
  </div>
 </body>
</html>
