1651 2621
708 128 944 165 ⁶69-

605 223 665 257 107.
694 224 738 255 De
758 224 863 256 sancto
887 222 1046 265 calogero.

699 301 748 332 Ad
765 301 953 331 Matutinum.

166 367 196 401 1.
226 366 332 400 Corde
358 368 480 401 devotis
505 369 655 402 laudibus
855 372 887 405 4.
912 371 993 404 Fert
1018 371 1121 404 cibum
1145 372 1337 405 mirabiliter

225 414 396 457 Caloyrum
427 425 624 458 veneremur,
912 418 1069 452 Deferens
1097 419 1214 452 Christi
1238 418 1365 464 famulo,

223 463 270 496 Ut
295 464 361 496 suis
385 465 448 504 piis
473 466 623 504 precibus
916 467 980 499 Sed
1003 467 1084 500 vivit
1106 469 1297 508 regulariter

224 512 332 551 Atque
356 512 478 545 meritis
500 514 657 553 juvemur.
913 515 1009 548 Stans
1035 514 1069 547 in
1092 516 1208 548 montis
1232 516 1376 548 latibula

166 570 196 599 2.
226 569 402 601 Coronatus
428 571 564 603 victoria
856 573 886 605 5.
912 571 1045 604 Beatam
1072 580 1197 604 cervam
1221 574 1349 613 perimit

224 617 264 649 In
293 617 409 657 proelii
436 619 609 651 certamine
913 621 1005 653 Senis
1031 623 1163 652 venator
1186 621 1315 659 sociam,

222 663 395 704 Depressit
418 665 472 698 hic
498 665 665 699 daemonia
915 667 1084 707 Caloyrum
1110 676 1178 699 cum
1204 668 1335 708 reperit,

225 711 302 745 Jesu
326 715 440 745 vocato
465 714 602 747 nomine.
911 715 1000 747 Petit
1027 718 1205 756 prostratus
1230 717 1365 748 veniam.

165 769 196 802 3.
222 768 429 802 Adveniente
452 771 540 804 senio
855 773 885 805 6.
909 772 997 804 Mira
1019 772 1136 804 montis
1161 773 1297 812 protulit

222 815 353 850 Viribus
377 817 432 850 hio
454 818 655 859 deprimitur,
911 819 997 851 Huic
1021 829 1166 852 sermone
1189 820 1331 863 pulchro,

224 864 320 896 Vitae
343 874 404 905 pro
429 866 590 906 adjutorio
913 867 1068 907 Jesnsque
1093 867 1238 900 Christus
1263 868 1399 908 suscipit·

223 911 275 944 De
299 913 389 946 coelo
414 922 510 947 cerva
530 914 678 947 mittitur.
912 915 1055 954 Corpore
1081 916 1155 948 <lato
1179 915 1358 955 sepulchro.

557 972 589 1004 7.
616 971 667 1004 Sit
688 971 758 1003 laus
781 972 868 1012 patri
890 971 1043 1012 ingenito,

612 1019 736 1058 Honor,
762 1020 864 1051 virtus
890 1021 923 1051 et
946 1019 1048 1059 gloria

615 1066 694 1099 Cum
718 1067 834 1107 spiritu
858 1066 1015 1106 paraclito

612 1114 652 1146 In
676 1114 872 1153 sempiterna
896 1115 1033 1147 saecula.

241 1179 327 1206 BreV.
348 1178 663 1207 Gallicano-Siculum
683 1181 752 1216 imp.
771 1180 908 1208 Venetiis
929 1177 1012 1208 1527.

597 1272 659 1304 108.
689 1272 733 1304 De
752 1276 860 1304 sancto
882 1272 1044 1311 calogero.

725 1341 774 1371 Ad
792 1340 920 1371 Laudes.
1165 1381 1174 1393 ἢ

166 1411 196 1443 1.
226 1409 407 1450 Cangems,
434 1412 536 1450 pater,
564 1419 657 1442 verus
852 1411 884 1443 5.
906 1410 961 1442 Ad
975 1410 1058 1441 hunc
1071 1412 1209 1441 montem
1224 1409 1325 1442 diram
1340 1409 1476 1442 frontem

271 1456 327 1489 Fit
352 1465 455 1489 comes
483 1486 633 1492 .....
956 1456 1047 1489 Tulit
1070 1466 1107 1488 ac
1134 1457 1300 1489 daemonia

222 1502 288 1537 Per
312 1507 354 1544 te,
383 1503 518 1545 Christe,
547 1505 641 1537 datur
665 1505 726 1537 iste
911 1504 1125 1543 Devinceudo,
1153 1504 1351 1545 adquirendo

271 1553 374 1585 Ales
401 1553 488 1584 (liei
513 1553 700 1587 nuntius
956 1552 1088 1585 Beata
1116 1552 1240 1585 nobis
1265 1554 1429 1594 gaudia.

164 1611 196 1642 2.
223 1609 343 1642 Summi
371 1610 459 1642 ducis
485 1606 643 1655 [summae
667 1608 760 1654 lucis]
852 1613 883 1644 ὅ.
911 1609 973 1642 Hic
997 1610 1193 1650 praeclarus,
1219 1611 1314 1642 nimis
1341 1619 1432 1643 carus

272 1657 335 1690 Hic
360 1658 470 1690 radius
494 1658 582 1699 exiit,
958 1657 1026 1691 Deo
1052 1660 1084 1689 et
1106 1658 1298 1698 hominibus,

223 1705 432 1746 illustrando,
458 1705 634 1738 nuntiando
909 1705 993 1738 Nam
1016 1710 1162 1747 aegrotos
1188 1710 1280 1738 sanat
1304 1709 1399 1739 totus.

269 1754 420 1786 Proles
460 1754 508 1786 de
541 1754 660 1787 coelo
693 1763 792 1794 pro·
956 1753 1163 1786 Exsultet
1193 1754 1354 1787 coelum
1388 1755 1479 1787 lau-

566 1801 625 1834 dii
635 1804 658 1835 t.
1254 1803 1273 1835 (l
1283 1802 1322 1834 ib
1333 1812 1353 1834 u
1363 1813 1387 1836 ε.

166 1860 198 1893 3.
224 1858 289 1891 Hic
311 1859 436 1900 legatus
464 1859 640 1891 destinatus
854 1861 883 1893 7.
914 1859 999 1892 Gens
1027 1859 1142 1893 devota
1168 1863 1233 1892 esto
1259 1862 1327 1892 tota

272 1907 326 1939 Acl
351 1916 423 1939 oras
448 1906 579 1940 Siciliae
958 1908 1076 1941 Sancto
1102 1908 1171 1940 seni
1195 1907 1354 1950 Syactiae‚

222 1955 287 1988 Pro
312 1955 415 1987 salute
442 1964 512 1987 cum
535 1955 666 1998 virtute,
914 1956 1011 1996 Quam
1039 1955 1154 1988 ditavit
1178 1959 1210 1987 et
1232 1956 1359 1988 sanavit

269 2003 346 2048 En,
371 2003 792 2044 gratulemurhodie.
960 2004 1179 2044 Splendor
1214 2007 1423 2044 paternae

1253 2061 1272 2092 g
1283 2052 1295 2084 l
1304 2061 1323 2084 o
1332 2053 1368 2084 ri
1378 2062 1397 2084 a
1405 2061 1433 2084 e.

162 2112 196 2144 4.
223 2109 321 2142 Plebs
346 2109 513 2143 Sacoensis
543 2141 546 2147 ,
576 2138 582 2144 .
615 2141 618 2147 ,
648 2138 657 2147 .
854 2113 886 2145 8.
912 2110 1021 2152 Mane,
1046 2113 1157 2142 sancte
1180 2112 1275 2150 pater
1298 2112 1397 2151 tante,

269 2158 375 2198 Hujus
405 2167 517 2191 manus
540 2158 679 2198 mutilat,
961 2157 1114 2191 Devietor
1140 2158 1242 2190 hostis
1267 2158 1378 2197 validi,

225 2237 234 2243 ,
261 2237 270 2243 ,
294 2206 398 2247 gaude
421 2207 519 2246 plena
543 2207 640 2239 laude
911 2206 980 2239 Nos
1004 2206 1163 2246 pei-<lucas
1188 2208 1221 2236 et
1243 2206 1378 2239 inducas

271 2254 440 2288 Aurora
475 2255 587 2286 lucis
620 2254 792 2288 rutilat.
961 2254 1020 2286 Ad
1055 2262 1227 2285 coenam
1260 2255 1359 2294 agni
1384 2262 1482 2295 pro-

1251 2303 1355 2335 vidi

240 2359 329 2386 Brev
349 2357 525 2387 Gallicano·
532 2358 664 2387 Siculum
682 2359 752 2393 imp
773 2358 801 2384 V
802 2358 907 2386 enetiis
929 2355 1012 2386 1518.
1033 2372 1070 2377 —
1101 2355 1164 2391 1,1
1187 2356 1216 2384 (Σ
1210 2358 1339 2394 :hloyrus
1362 2374 1398 2377 —
1418 2356 1445 2392 2,
1465 2358 1485 2387 4

159 2397 269 2426 Prodie
285 2397 321 2424 de
339 2396 429 2424 coelo.
446 2410 480 2415 ——
505 2395 531 2429 3,
551 2396 571 2426 4
589 2397 638 2425 En
657 2397 739 2424 fehlt.
760 2412 794 2417 ——
819 2394 883 2432 6,1
903 2395 937 2424 fit
956 2397 1054 2424 nimis.
1069 2409 1108 2416 -—
1128 2394 1153 2429 7,
1176 2395 1193 2423 2
1216 2396 1336 2425 Siactie.
1355 2413 1393 2418 —
1413 2379 1460 2435 V}
1453 2398 1483 2425 l.

159 2437 235 2464 Aeta
255 2435 307 2464 SS.
328 2436 401 2465 Jlmi
419 2434 549 2472 1534&ss
569 2435 598 2464 ff.
