1651 2621
176 231 208 263 3.
235 230 294 269 Qui
320 240 391 263 cum
413 230 498 263 foret
523 235 723 264 consecratus

281 279 320 310 ab
347 288 382 311 co
407 279 579 318 votissime,

235 326 372 366 Fingens
398 326 517 365 templa
542 326 671 358 visitare

281 382 316 404 se
341 373 478 413 subjecit
502 373 607 405 ordini

233 416 462 453 Monaehoruni
488 419 702 452 Cluniacensis

281 469 398 499 sacrati
428 467 579 499 coenobii.

175 525 206 558 4.
233 523 296 555 IIic
322 527 396 564 post
417 524 493 556 inde
517 526 692 565 revocatus,

280 572 337 603 sed
361 581 424 604 non
449 572 636 613 voluntarie,

232 618 387 651 Pontifice
415 621 445 649 et
466 619 532 657 jam
557 618 701 658 praefato

279 666 441 698 Romanae
465 665 551 698 sedis
575 666 716 707 inclitae,

231 713 281 744 Ac
305 714 366 745 sibi
393 713 486 752 digne
512 714 749 745 commendatur

280 761 365 793 Filia
389 760 550 801 ecclesiae,

233 816 400 849 Comitissa
425 817 493 848 Deo
518 819 601 854 vota,

277 863 445 896 Mathildis
471 863 605 903 egregia,

231 912 317 949 Quae
341 920 403 942 una
428 913 503 941 tunc
528 910 726 941 sustentabat

279 958 386 989 sedem
412 958 629 998 apostolicam,

232 1004 319 1035 Male
346 1004 464 1037 dudum
488 1007 670 1043 superatam

277 1052 360 1091 regis
391 1061 410 1083 a
434 1051 575 1082 saevitia.

175 818 203 849 55(

800 136 941 171 38—

856 234 886 266 6.
912 234 1036 272 Quanta
1061 232 1129 266 vita
1149 231 1325 264 sanctitatis

962 281 1084 320 degerit
1109 279 1296 316 sublimiter,

915 326 1048 367 Sumpta
1071 336 1147 359 cura
1169 327 1360 358 memoratae

962 375 1140 407 comitissae
1163 374 1287 413 nobilis,

915 422 1071 454 Panditur
1094 422 1282 454 miraculose

961 469 1051 501 almis
1077 469 1144 508 ejus
1168 468 1301 499 meritis.

857 526 886 557 7.
914 525 996 557 Nam
1020 526 1053 557 in
1078 525 1166 557 obitu
1191 524 1283 563 hujus
1308 521 1390 553 tanti

958 573 1075 605 adsunt
1099 572 1160 603 viri
1182 570 1314 608 nobiles,

912 619 1003 651 Laici
1027 629 1065 651 ac
1090 618 1267 650 cardinales

959 675 1018 698 nec
1041 676 1105 699 non
1130 666 1213 698 sacri
1238 661 1416 703 pontifices,

911 713 1098 745 Referentes
1123 712 1191 744 Deo
1221 711 1334 744 laudes

959 761 1035 792 visis
1061 760 1127 800 ejus
1152 758 1323 791 miraculis.

853 818 884 850 8.
912 817 979 856 Ope
1004 817 1093 856 cujus
1119 818 1151 846 et
1174 815 1274 846 tutela

960 863 1101 903 coadjuti
1123 862 1244 901 jugiter

912 911 1059 942 Paradisi
1082 910 1253 942 sortiamur

960 958 1093 997 gloriam
1119 955 1267 994 feliciter,

912 1005 1003 1044 Quod
1026 1006 1193 1044 praestare
1218 1002 1427 1041 condignetur

961 1051 1052 1083 nobis
1077 1050 1164 1083 Deus
1189 1050 1336 1089 optimus.

247 1117 332 1144 Brev.
355 1126 406 1144 ms.
426 1116 620 1143 Mantuanum
643 1124 718 1143 saec.
742 1114 785 1143 15.
828 1117 898 1144 (ἴοι-1.
919 1117 1007 1145 Univ.
1028 1116 1160 1143 Patavin.
1183 1112 1247 1142 7:34.

615 1246 658 1277 57.
690 1246 731 1277 De
756 1248 862 1278 sancto
882 1247 1036 1278 Anselmo.

728 1313 777 1343 Ad
796 1313 922 1343 Laudes.

173 1374 203 1405 1.
230 1374 335 1413 Digne
360 1372 483 1412 sepulto
509 1372 632 1412 fulgido

235 1421 396 1458 Anselmo,
424 1419 541 1451 Christi
566 1418 695 1460 famulo,

233 1467 406 1507 Refulgent
429 1467 508 1498 urbe
531 1466 665 1499 Mantua

232 1515 312 1554 Ejus
339 1515 424 1546 celsa
447 1514 611 1554 miracula,

177 1573 208 1603 2.
235 1572 313 1603 Mox
339 1570 501 1610 divulgata
526 1570 612 1602 ocius

232 1619 458 1658 Apostolorum
484 1617 613 1649 vocibus

236 1664 445 1698 conterminis
470 1664 503 1695 in
528 1664 659 1695 urbibus

232 1714 339 1752 Atque
362 1712 492 1744 remotis
520 1711 674 1751 gentibus.

201 1794 208 1801 .
235 1770 288 1801 Ad
315 1769 402 1808 cujus
426 1776 549 1799 sacrum
574 1768 726 1799 tumulum

234 1816 410 1849 Concursus
436 1814 474 1847 fit
496 1815 724 1854 languentium,

231 1864 291 1902 Qui
315 1864 391 1895 inde
415 1862 484 1893 sani
507 1862 644 1894 redeunt

230 1911 413 1943 Laudantes
441 1910 521 1941 coeli
544 1909 724 1942 Dominum.

177 1771 195 1802 00

857 1375 888 1406 4.
916 1374 974 1413 Qui
999 1373 1133 1413 gratiam
1159 1371 1332 1403 contribuit

916 1421 1100 1460 Virgilianis
1126 1419 1247 1450 civibus

916 1467 985 1499 Nec
1009 1477 1072 1499 non
1099 1465 1401 1498 conterminantibus

916 1515 1035 1554 Terris,
1062 1514 1176 1547 castris
1203 1516 1234 1543 et
1256 1512 1392 1555 arcibus,

857 1573 888 1604 5.
915 1572 962 1604 Ut
986 1573 1175 1602 sanarentur
1199 1569 1321 1601 meritis

914 1619 1059 1650 Anselmi
1083 1617 1186 1649 sancti
1210 1616 1367 1656 praesulis

917 1664 1085 1704 Corporeis
1110 1663 1315 1704 languoribus

914 1712 959 1744 Et
983 1713 1158 1744 animarum
1184 1711 1343 1743 sordibus

858 1770 888 1801 6.
913 1768 984 1800 Sint
1007 1768 1093 1808 patri
1117 1767 1228 1799 laudes
1250 1768 1370 1808 jugiter

914 1817 944 1847 A
969 1815 1059 1847 nobis
1084 1817 1149 1846 tam
1174 1816 1372 1855 suppliciter,

914 1862 957 1895 Ut
984 1863 1110 1895 Christo
1136 1865 1210 1894 nato
1236 1863 1373 1895 dulciter

914 1909 1095 1942 Serviamus
1120 1908 1269 1943 fideliter.

247 1977 331 2004 hrt-v.
359 1985 412 2003 ms.
433 1975 627 2002 Mantuanum
653 1983 728 2003 saec.
751 1974 795 2003 15.
839 1975 907 2003 Cod.
932 1976 1020 2004 Univ.
1040 1975 1176 2002 Patavin.
1203 1973 1267 2003 734.
1289 1991 1323 1994 —
1345 1975 1375 2011 5,
1407 1975 1421 2003 1
1441 1977 1484 2004 Et

171 2017 355 2042 sanarentur.

626 2133 672 2164 53.
703 2134 745 2164 De
767 2135 874 2165 sancto
898 2134 1062 2166 Antonino.

711 2201 760 2230 Ad
780 2201 935 2239 Vesperas.

171 2262 199 2293 1.
226 2260 270 2293 Ut
295 2259 450 2292 Antonini
474 2260 608 2299 gloriam

229 2308 437 2340 Ooncinamus
462 2307 603 2347 uberius,

228 2354 351 2387 Affiare
376 2363 459 2386 nunc
483 2355 664 2394 pectoribus

225 2403 365 2443 Nostris,
391 2402 477 2435 Deus
504 2403 714 2442 omnipotens,

854 2263 885 2294 2.
912 2261 944 2293 Is
970 2261 1087 2292 teneris
1113 2260 1152 2292 al)
1177 2262 1334 2301 unguibus

912 2308 1025 2340 Sacros
1051 2308 1181 2340 edoctus
1202 2317 1348 2350 canoneS‚

911 2355 1027 2388 Mundi
1050 2355 1167 2396 spretis
1191 2356 1353 2389 illecebris

913 2403 1032 2436 Christi
1056 2412 1091 2435 se
1112 2403 1187 2443 jugo
1211 2405 1367 2438 subdidit.
