1651 2621
176 202 207 235 3.
234 201 349 235 Sancto
374 204 486 234 exutus
511 210 644 243 corpore
856 205 887 236 5.
913 203 969 245 Te,
995 210 1114 234 summe
1138 200 1275 244 praesul,
1302 199 1461 241 poscimus

236 249 326 282 Stola
349 250 483 281 vestitur
507 249 636 289 gloriae,
916 249 1028 282 Cordis
1052 251 1178 291 orisque
1202 249 1344 288 vocibus²

235 297 347 329 Carnis
374 297 439 328 exit
464 296 666 339 ergastulum,
913 296 959 329 Ut
983 306 1039 329 nos
1064 301 1196 330 venturo
1219 296 1321 336 judici

234 344 323 376 Coeli
344 344 446 376 intrat
467 344 632 382 palatium.
916 344 1123 378 Commendas
1147 353 1245 383 prece
1267 342 1417 383 supplici.

174 401 207 435 4.
233 401 370 434 Exsulta
390 401 466 439 jam,
494 400 679 439 metropolis
858 401 888 433 6.
917 399 1027 432 Gloria
1050 401 1093 432 sit
1116 401 1257 440 ingenito

232 447 386 480 Ravenna
410 455 484 480 vere
508 447 636 486 nobilis,
914 447 1003 479 Patri
1028 452 1060 479 et
1083 447 1255 485 unigenito,

235 495 325 532 Quod
349 494 450 526 Roma
473 494 507 525 in
532 495 701 536 clavigero,
753 498 759 501 '
915 493 1031 527 Sancto
1056 494 1149 526 simul
1174 493 1312 533 spiritui,

233 541 282 572 Tu
305 541 404 573 habes
428 542 461 573 in
488 542 654 582 discipulo.
913 541 981 573 Deo
1006 541 1205 574 indivisibili.

250 606 335 633 Brev.
361 615 414 633 ms.
436 607 605 634 Strumense
631 614 706 634 saec.
728 604 771 633 11.
808 605 876 633 Cod.
896 606 1085 633 Laurentian.
1107 606 1197 634 Conv.
1217 612 1281 639 sup.
1302 600 1367 630 524.
1387 601 1422 628 A.
1442 616 1482 621 --

173 644 256 672 Miss.
283 647 313 671 et
333 645 454 679 Antiph.
481 653 534 671 ms.
556 644 737 672 Benedictin.
763 652 838 672 sace.
860 642 904 671 11.
946 644 1014 671 le.
1036 643 1131 678 Capit.
1151 642 1289 670 Perusini
1315 639 1359 668 16.
1380 640 1415 666 B.
1443 653 1481 658 ——

175 682 259 709 Brev.
278 691 332 709 ms.
353 681 383 708 S.
401 682 515 709 Mariae
534 682 689 710 Rotundae
708 682 840 709 Ravenn.
862 690 938 709 saec.
958 680 1033 709 12'13.
1068 682 1138 709 Cod.
1151 681 1286 707 Rossian..
1309 687 1333 706 s.
1354 687 1384 706 n.
1400 677 1430 704 C.
1444 692 1482 697 ——

178 718 207 751 1,

237 718 251 747 1
273 720 350 747 Dum
378 720 440 755 poli
460 719 587 754 sphaera
607 720 637 747 (¹.
659 734 696 739 —-
718 717 746 752 1,
768 717 786 747 3
807 718 873 751 Qua
894 718 923 746 C.
943 734 982 738 —
1001 718 1032 752 2,
1054 717 1072 746 :3
1091 721 1155 746 vita
1176 719 1210 745 A.
1236 732 1272 737 --
1293 715 1324 751 2,
1343 716 1364 745 4
1384 717 1481 743 carnis

174 758 266 785 ruerit
287 759 318 785 B.
349 771 385 777 ·—
406 756 439 792 5,
469 756 484 783 1
510 761 596 785 exuto
616 757 650 784 Β.
670 772 708 777 -ν-
728 756 758 792 5,
785 756 805 785 4
824 765 924 792 preces
946 756 975 783 C.
996 771 1032 776 -——
1054 754 1085 790 6,
1110 755 1130 784 4
1150 756 1295 784 invisibili
1317 754 1347 782 O.
1366 770 1406 774 —
1425 753 1482 781 Str.

173 794 193 822 4
211 795 240 822 ff.
260 795 358 823 fehlen
376 795 410 822 B.

639 866 683 897 67.
713 866 747 897 In
767 865 867 898 sancti
886 867 1017 906 Aspren.

177 928 208 960 1.
237 927 261 959 O
287 929 395 958 sancte
420 928 549 966 praesul
573 926 692 967 inclite,
860 928 891 959 3-
918 926 1052 958 Sanetus
1076 927 1191 959 Petrus
1216 927 1378 966 apostolus

234 975 373 1013 Aspr0n‚
398 974 466 1006 Deo
494 974 688 1014 dignissime,
916 973 1017 1005 Dedit
1039 976 1073 1004 te
1096 976 1205 1005 nostro
1229 974 1348 1014 populo

236 1020 402 1053 Coelorum
426 1029 533 1061 regem
556 1021 727 1053 Dominum
914 1020 960 1052 Et
983 1019 1060 1052 feeit
1083 1023 1117 1051 te
1141 1021 1327 1059 episcopum

234 1068 296 1100 Ora
321 1077 380 1108 pro
405 1068 497 1099 nobis
523 1067 676 1101 omnibus.
918 1067 956 1098 In
980 1070 1089 1099 nostro
1112 1068 1182 1099 loeo
1205 1067 1363 1107 primitus.

174 1126 206 1156 2.
233 1126 360 1163 Aspren
381 1124 486 1163 beate,
512 1131 712 1164 quaesumus,
857 1126 890 1156 4.
917 1124 1050 1156 Creator
1073 1132 1181 1156 rerum
1205 1123 1345 1156 omnium

234 1170 361 1204 Nostris
388 1172 498 1203 adesto
524 1170 684 1211 precibuS,
917 1170 1066 1202 Protexit
1086 1174 1120 1202 te
1143 1171 1176 1202 in
1202 1170 1348 1202 omnibus

234 1219 280 1252 Ut
303 1223 358 1250 tua
382 1223 492 1251 saneta
517 1218 632 1250 merita
916 1217 962 1250 Et
987 1218 1076 1250 dedit
1101 1219 1162 1250 tibi
1186 1218 1323 1258 gratiam

235 1265 419 1298 Perducant
441 1274 499 1298 nos
524 1267 565 1298 ad
591 1265 732 1298 aethera,
919 1264 1051 1297 Salvare
1076 1267 1192 1298 multas
1217 1266 1348 1298 animas.

620 1324 650 1355 5.
678 1321 745 1353 Deo
771 1322 856 1361 patri
885 1323 927 1353 sit
951 1322 1062 1361 gloria.

250 1388 359 1423 Hymn.
380 1396 433 1414 ms.
454 1387 667 1422 Neapolitanus
687 1394 762 1414 saec.
784 1385 858 1414 ¹³114.
901 1387 969 1415 Cod.
990 1387 1178 1423 Neapolitan.
1198 1388 1241 1416 VI
1262 1388 1287 1416 G
1307 1386 1354 1416 29.

627 1468 676 1499 68.
706 1468 747 1499 De
769 1470 877 1499 saneto
898 1470 1028 1508 Aspren.

713 1536 762 1564 Ad
780 1536 938 1573 vesperas.

175 1598 206 1630 1.
234 1597 350 1636 Pange,
374 1595 493 1634 lingua,
519 1595 649 1634 gloriosi
857 1597 890 1628 4.
916 1595 1042 1628 Primus
1068 1605 1141 1636 ergo
1168 1596 1366 1630 Christianus

282 1642 440 1674 Praesulis
465 1642 633 1682 magnalia,
962 1644 1001 1675 In
1026 1644 1086 1674 hae
1111 1643 1188 1675 urbe
1212 1645 1347 1685 gratiam

238 1690 316 1722 Voto
341 1689 448 1721 cordis
473 1690 617 1728 gaudiosi
915 1689 1027 1722 Novae
1049 1691 1130 1730 legis
1154 1700 1290 1733 summm,
1315 1702 1429 1725 manus

281 1737 381 1769 Laeta
407 1736 485 1767 dans
508 1737 687 1780 praeconia,
962 1738 1087 1769 Firmat
1112 1743 1144 1771 et
1167 1740 1209 1771 ad
1230 1740 1373 1779 patriam

234 1785 318 1818 Dum
342 1786 470 1823 Aspren
495 1783 537 1815 ad
561 1783 710 1815 luminosi
916 1785 1010 1816 Vitae
1036 1785 1160 1824 plebem
1188 1787 1277 1818 ducit
1300 1797 1396 1820 sanus

283 1831 388 1872 Regni
412 1830 528 1862 transit
551 1831 676 1871 gaudia.
963 1833 1027 1864 Per
1053 1832 1216 1865 doctrinae
1240 1834 1384 1875 gloriam.

178 1892 209 1923 2.
235 1889 319 1923 Dum
344 1887 494 1928 princeps
519 1887 732 1926 apostolorum
859 1890 890 1922 5.
916 1888 1025 1919 Verba
1047 1898 1183 1929 namque
1209 1892 1400 1925 comitantur

282 1936 423 1969 Verbum
447 1934 544 1967 verbo
565 1936 740 1975 praedicat,
963 1936 1124 1968 Virtutum
1148 1936 1294 1981 insignia,

235 1986 298 2017 Pro
324 1982 427 2014 salute
450 1982 638 2021 populorum
919 1983 1029 2016 Gaeeis
1053 1984 1149 2027 visus,
1176 1986 1296 2018 mancis
1323 1988 1440 2021 dantur

283 2030 419 2063 Carnem
443 2029 564 2061 factum
585 2029 717 2070 indicat,
963 2030 1182 2063 Membrorum
1207 2031 1323 2077 officia,

238 2078 332 2113 Circa
353 2076 449 2109 finem
473 2077 668 2109 saeculorum
919 2077 1054 2110 Gressus
1079 2079 1201 2110 claudis
1222 2086 1423 2127 reparantur,

283 2127 410 2165 Aspren
439 2126 576 2155 mentem
600 2126 751 2165 applicat.
966 2126 1094 2158 Cunctis
1119 2125 1157 2158 fit
1179 2127 1312 2163 laetitia.

180 2186 211 2217 3.
236 2183 374 2222 Surgens
399 2181 482 2212 enim
508 2181 548 2212 de
571 2182 723 2221 languore
861 2183 892 2215 6.
919 2181 1055 2214 Tantum
1078 2182 1177 2223 igitur
1204 2185 1367 2218 doctorem

283 2229 410 2262 Virtute
433 2229 605 2268 praeconii,
965 2229 1097 2261 Devotis
1122 2229 1236 2263 officiis

237 2278 353 2316 Sospes
378 2274 481 2308 faetus
508 2286 577 2307 eum
601 2276 710 2317 vigore
919 2277 1128 2316 Imploremus
1152 2281 1375 2321 protectorem,

285 2323 422 2357 Firmati
446 2323 570 2364 vestigii
968 2325 1064 2364 Cujus
1089 2325 1252 2359 benefieiis

237 2374 366 2405 Petrum
391 2371 469 2411 adit,
500 2372 587 2410 eujus
611 2380 685 2403 rore
919 2372 1160 2412 Amplectemur
1183 2377 1375 2408 salvatorem

287 2418 471 2460 Pinguesoit
494 2418 619 2458 eloquii.
967 2421 1006 2453 In
1032 2421 1111 2452 coeli
1137 2422 1269 2456 deliciis.
