1651 2621
723 130 981 168 -139-

200 226 232 258 3.
259 225 384 259 Cedens
408 227 573 259 turbarum
595 228 715 261 turbini
899 231 928 263 7.
955 229 1096 262 Mentem
1122 228 1231 261 vident
1255 227 1440 261 comburere

256 273 298 305 Se
320 274 428 314 jungit
451 275 628 316 solitudini,
954 278 1000 310 Et
1023 278 1125 311 oleum
1150 275 1298 317 defluere,

256 319 321 353 Ubi
347 321 421 353 dum
446 321 527 354 vivit
551 323 693 366 coelituS,
956 324 1082 357 Laudes
1107 322 1213 356 ferunt
1238 324 1279 356 ad
1304 324 1474 356 Dominum

260 368 384 412 Veni,
414 372 589 402 creator
612 370 809 410 spiritus.
956 372 1135 404 Telucis
1153 372 1504 405 anteterminum.

199 445 233 477 4.
262 442 354 477 Celso
381 445 522 477 dictante
545 447 656 479 nuntio
898 430 928 462 8.
953 429 1111 470 Ampulae
1135 429 1239 460 vinum
1266 427 1395 470 bibitur,
1433 476 1438 481 .

258 491 392 524 1nsudat
417 492 564 525 aedificio
955 476 1038 508 Dum
1064 476 1187 512 bibunt,
1214 484 1276 507 non
1302 481 1504 516 consumitur,

257 539 332 571 Tibi
359 539 438 572 dans
462 519 575 573 iauues'
602 540 737 581 debitas,
956 523 1069 556 Plures
1094 522 1198 555 1³¹³ssst
1217 524 1321 563 gratia

954 572 1144 602 Aeterna
1169 570 1277 602 coeli
1302 571 1452 610 gloria.

899 629 930 660 9.
958 627 1146 660 Gonstructa
1170 627 1297 660 tandem
1325 627 1438 660 cellula

954 673 1102 706 Membra
1128 674 1235 706 domat
1258 675 1461 718 paupercula,

956 721 1050 753 Nunc
1072 725 1184 763 regnat
1207 723 1241 754 in
1267 722 1465 762 coelestibuS,

955 769 1160 801 Exsultet
1184 769 1340 802 coelum
1365 770 1510 802 laudi-

1282 817 1301 848 b
1310 826 1331 848 u
1340 826 1366 851 s,

258 587 283 619 O
309 587 382 619 lux
405 588 531 620 beata
557 588 754 622 trinitas.

201 658 232 690 5.
259 658 298 689 In
323 666 438 690 vanum
465 658 539 691 dum
560 658 720 699 aedificat,

260 704 413 737 Columba
437 706 541 738 locum
564 706 696 746 indicat,

261 752 360 792 Quam
384 754 474 792 sequi
499 753 608 785 studet
631 762 770 793 propere

257 799 346 831 Jam
369 800 484 833 lucis
510 803 602 833 orto
629 801 788 834 sidere.

200 871 230 902 6,
256 870 344 902 Loca
367 873 480 910 petens
505 871 666 912 incognita
888 873 941 906 10.
958 873 1020 905 Per
1044 873 1136 912 hujus
1160 874 1262 906 sancti
1286 874 1400 905 merit-a

256 917 383 949 Invenit
410 918 465 950 diu
489 918 626 957 perdita,
954 919 1031 961 Nos,
1058 920 1078 952 J
1082 929 1136 952 esu
1160 920 1251 960 bone,
1278 921 1382 963 visita,

258 964 304 996 Te
328 965 464 997 laudans
491 974 561 997 cum
586 966 739 1007 tripudio,
954 967 999 1000 Ut
1025 975 1201 999 mereamur
1224 968 1353 1008 ingredi

256 1011 375 1055 Jesu,
402 1015 554 1044 nostra
572 1013 823 1053 redemptio.
956 1014 1016 1046 Ad
1030 1022 1197 1046 coenam
1211 1015 1508 1056 agniprovidi.

534 1070 587 1102 11.
604 1069 653 1101 Sit
676 1069 756 1109 laus,
785 1070 891 1108 decus,
917 1071 1070 1110 potentia,

599 1116 719 1157 Honor,
747 1117 847 1149 virtus
874 1120 906 1148 et
927 1117 1030 1157 gloria

597 1163 697 1206 Patri,
720 1166 795 1196 nato
822 1173 892 1196 eum
915 1163 1044 1197 fiamine

595 1212 626 1243 A
650 1211 754 1243 solis
778 1214 897 1244 ortus
925 1212 1111 1245 cardine.

272 1277 360 1304 Brev.
383 1285 437 1304 ms.
459 1276 600 1304 clusense
619 1284 695 1304 saec.
718 1274 763 1304 14.
803 1275 871 1304 Cod.
892 1278 1048 1305 Taurinen.
1070 1278 1097 1305 D
1118 1277 1160 1305 VI
1182 1276 1225 1305 11.

587 1389 656 1420 234.
687 1388 731 1420 De
751 1396 775 1418 s.
796 1388 937 1420 Johanne
956 1388 1121 1428 Episcopo.

724 1464 771 1494 Ad
790 1464 982 1495 Nocturnum.

437 1534 466 1567 1.
493 1534 560 1568 Iste
586 1532 758 1573 confessor,
788 1542 915 1566 consors
941 1534 1134 1574 angelorum,

493 1581 596 1622 Regni
619 1589 785 1622 possessor
810 1582 984 1621 haeresque
1007 1582 1163 1624 polorum⁷

494 1629 544 1662 Sit
567 1628 761 1661 intercessor
784 1637 843 1668 pro
869 1628 937 1661 vita
961 1637 1099 1670 suorum,

541 1676 677 1709 Sanctus
702 1676 875 1708 Johannes.

438 1735 471 1766 2.
497 1734 556 1772 Qui
580 1734 663 1774 piuS,
687 1733 840 1774 pruden5‚
867 1733 968 1765 dulcis
995 1735 1027 1765 et
1048 1734 1214 1774 benignus,

495 1780 637 1821 Sobrius,
665 1784 780 1820 castus,
808 1780 893 1813 omni
916 1781 1012 1813 laude
1039 1781 1162 1821 dignus,

498 1828 574 1860 Vita
601 1829 675 1860 dum
700 1836 851 1868 praesens
877 1828 1037 1868 vegetavit
1061 1829 1128 1867 ejus

546 1875 698 1915 Corporis
724 1878 822 1909 artus.

439 1934 469 1965 3.
498 1932 550 1964 Ad
574 1941 700 1964 suorum
725 1932 815 1971 quus
840 1930 956 1964 festum
982 1935 1206 1964 concurrentes

495 1980 605 2020 Ipsum
630 1987 776 2020 rogemus
800 1978 912 2011 fientes
938 1988 976 2012 ac
1000 1982 1170 2020 gementeS,

495 2026 541 2060 Ut
563 2027 625 2068 piis
652 2028 719 2067 eJ'us
743 2027 866 2059 meritis
888 2027 1036 2066 juvemur

547 2076 648 2108 Omne
673 2083 732 2115 per
756 2083 877 2108 aevum.

439 2134 471 2167 4.
497 2131 594 2165 Unde
616 2141 703 2164 nunc
720 2134 831 2164 noster
857 2132 982 2173 chorus,
1007 2133 1084 2166 Jesu
1109 2132 1201 2173 bone,

496 2180 544 2213 Te
570 2180 791 2220 deprecamur,
815 2181 852 2212 ut
875 2188 932 2211 nos
957 2179 991 2211 in
1015 2188 1115 2220 agone

498 2229 613 2262 Serves
639 2230 671 2259 et
695 2236 798 2268 reges,
825 2229 861 2258 ut
885 2227 971 2259 vitae
996 2236 1133 2259 coronae

544 2276 773 2309 Restituamur.

270 2345 356 2372 Brev.
383 2352 435 2371 ms.
459 2342 599 2371 clusense
626 2350 702 2370 sace.
731 2340 774 2370 14.
817 2341 885 2369 Cod.
905 2341 1062 2369 Taurinen.
1084 2341 1111 2370 D
1138 2342 1182 2370 VI
1213 2340 1257 2369 11.
1278 2357 1316 2361 —
1339 2340 1369 2376 1,
1398 2340 1416 2370 2
1435 2343 1509 2371 fehlt

192 2385 260 2412 eine
278 2382 379 2418 silbe,
400 2390 459 2418 que
479 2382 608 2418 erg'ainzt.
630 2397 663 2401 -
685 2379 714 2415 4,
734 2378 751 2407 2
770 2380 893 2415 ebens03
914 2387 969 2408 nos
989 2380 1117 2416 ergenzt.
1138 2395 1173 2400 2—
1195 2382 1251 2409 Am
1271 2380 1411 2409 Sehlusse
1430 2383 1508 2410 noch

192 2423 244 2451 der
265 2420 384 2458 Anfang
404 2420 456 2448 der
475 2420 655 2455 Doxologie:
677 2419 725 2448 sit
742 2418 822 2447 salus
843 2418 899 2446 illi.
