1651 2621
688 140 732 146 -ω
783 119 850 154 190
899 137 944 142 --

365 223 395 255 5.
422 220 470 253 Tu
495 228 594 260 prava
618 217 775 259 quondam
802 216 987 247 daemonum
1011 211 1152 244 ludibria

419 267 523 307 Magis
547 267 678 306 peracta
702 263 818 296 clarius
845 262 1020 300 detexeras,

420 315 478 354 Qui
505 315 618 346 damna
642 311 753 344 mortis
777 309 938 350 pertulere
962 307 1109 347 pessima,

422 361 539 401 Quibus
563 361 699 392 latenter
721 360 769 390 tot
793 365 864 389 reos
890 354 1067 387 effecerant.

368 448 399 480 6.
425 446 567 486 Utraque
591 446 714 486 lapsum
738 446 840 475 morte
864 441 948 482 regis
972 440 1097 472 unicum

421 494 571 527 Oratione
594 491 753 524 suscitasti
776 490 885 531 filium,

421 542 499 574 Post
519 541 597 572 haec
621 543 791 580 tyrannum
818 536 891 569 dum
915 533 1039 568 refutas
1064 534 1213 570 lrtacum,

420 587 505 620 Hinc
528 590 650 627 martyr
674 588 760 618 astra
784 584 920 626 scandis,
947 582 1023 613 hinc
1048 580 1218 620 apostolus.

370 673 399 704 7.
425 671 631 712 Evangelista
655 670 801 710 gloriose,
826 676 990 700 munerum

422 718 618 757 Accepi-ione
643 717 751 748 dedita
769 717 845 755 jam,
872 721 1070 754 quaesumus

424 765 566 798 Coeleste
590 773 719 804 regnum
744 763 881 802 impetra
904 761 1064 801 fidelibus»,

422 813 559 851 Quorum
584 811 703 843 videris
730 811 844 849 hospes
869 816 939 840 esse
963 806 1102 840 sedulus

364 898 400 930 8.
426 895 503 929 Gum
527 897 619 935 patre
642 896 785 933 praestet
809 894 869 925 hoc
893 900 1048 931 supernus
1073 890 1156 922 filius

422 943 555 975 sanctus
581 941 736 981 simulque
759 940 934 980 parilisque
958 938 1100 980 spiritus,

421 989 539 1029 Quibus
565 989 607 1020 sit
632 988 731 1020 omnis
756 988 826 1019 laus
852 987 1012 1025 honorque
1038 985 1172 1023 debitus,

425 1038 545 1075 Perpes
569 1037 710 1074 potestas
737 1034 856 1074 absque
880 1033 944 1065 fine
967 1036 1155 1073 temporum.

250 1119 318 1147 Cod.
346 1118 459 1147 Casien.
485 1116 540 1145 280
567 1126 642 1145 saec.
665 1115 708 1144 11.
734 1131 772 1136 -—
792 1114 823 1151 2,
848 1114 866 1142 2
894 1115 998 1151 fulgis3
1024 1115 1074 1142 bei
1092 1113 1214 1149 Ughelli
1235 1113 1336 1150 sulgis.
1357 1127 1395 1131 —
1417 1111 1443 1146 5,
1466 1110 1482 1140 1

176 1158 225 1185 bei
243 1157 361 1193 Ughelli
382 1156 570 1193 quorundam.
591 1170 629 1174 —
647 1154 799 1182 Vei-fasser
819 1155 860 1181 ist
878 1153 1072 1189 Alphanus
1092 1159 1162 1179 von
1182 1151 1348 1179 salerno.

595 1329 660 1360 323.
693 1329 737 1360 De
757 1328 862 1360 sancto
883 1328 1047 1360 Matthaco.

180 1437 212 1469 1.
237 1437 369 1477 Adesto,
395 1440 503 1469 sancte
528 1437 675 1476 Spiritus

238 1483 337 1516 *Nobis
361 1487 431 1515 tuas
456 1484 641 1515 canent-ibus

239 1532 366 1563 Laudes
390 1531 424 1561 in
448 1532 508 1562 hac
532 1531 667 1570 apostoli

238 1577 427 1609 Festivitate
448 1577 560 1610 nobili.

184 1662 215 1693 2.
242 1661 338 1699 Quem
363 1669 421 1699 pro
443 1661 525 1692 lucri
548 1660 696 1699 cupidine

243 1707 327 1739 Foro
352 1710 485 1739 vacante
509 1707 619 1739 sedule

239 1754 291 1786 Ex
315 1753 482 1794 publicano
507 1754 650 1793 protinus

242 1802 337 1834 Facis
362 1802 487 1840 replens
512 1801 699 1840 apostolum.

189 1887 220 1920 3.
245 1885 309 1918 Hic
330 1885 489 1925 languidis
511 1886 691 1925 pectoribus

242 1934 426 1965 Perustione
452 1933 615 1964 criminum

243 1980 358 2011 Verbis
383 1980 539 2012 medelam
564 1979 712 2018 praebuit

242 2029 273 2060 A
298 2029 330 2058 te
354 2026 416 2059 sibi
436 2028 504 2067 Jam
529 2027 670 2058 creditis.

185 2112 217 2143 4.
243 2112 337 2143 Lavit
360 2120 449 2143 sacro
475 2111 665 2151 baptismate

243 2159 362 2198 Regem
384 2158 478 2190 simul
503 2167 573 2190 cum
596 2158 738 2198 conjuge,

247 2205 383 2244 Quorum
408 2209 554 2245 potenter
579 2204 676 2237 filium

244 2252 458 2284 Resuscitavit
479 2256 646 2285 mortuum.

859 1438 887 1469 5.
917 1436 1067 1468 Sermone
1089 1437 1175 1475 justo
1201 1436 1328 1475 nuptias

918 1481 1115 1515 Confuderat
1137 1484 1333 1523 tyrannicas,

917 1531 979 1562 Pro
1006 1539 1066 1569 quo
1093 1531 1226 1562 decorus
1250 1531 1361 1562 laurea

916 1576 1045 1617 Martyr
1069 1578 1178 1615 polum
1202 1577 1457 1611 transcenderat.

886 1688 891 1693 .
920 1660 1065 1692 Concede
1084 1661 1161 1700 jam,
1187 1662 1352 1700 paraclite,

919 1707 966 1740 Ut
989 1715 1046 1739 nos
1071 1708 1103 1738 in
1129 1707 1190 1739 isto
1215 1712 1359 1748 tempore

916 1754 1076 1786 Possimus
1103 1763 1209 1786 ornnes
1234 1755 1337 1787 libere

919 1800 997 1840 Ejus
1023 1801 1183 1842 triumpho
1209 1802 1325 1837 vivere.

887 1910 894 1917 .
920 1885 1007 1918 'suae
1031 1885 1170 1918 refertur
1192 1889 1323 1931 gratiae,

920 1932 1057 1966 Nostrae
1082 1934 1166 1974 quod
1190 1935 1276 1967 idem
1300 1937 1425 1976 patriae

923 1979 1007 2012 Civis
1032 1984 1187 2022 paterque
1212 1982 1339 2023 dicitur,

922 2027 1010 2066 Quod
1038 2030 1069 2058 et
1091 2032 1242 2067 patenter
1267 2030 1419 2064 creditur.

890 2137 896 2144 .
925 2113 1051 2145 Summo
1075 2115 1203 2152 parenti
1229 2115 1330 2153 gloria

922 2159 967 2190 Et
987 2158 1053 2191 filio
1077 2161 1212 2193 victoria

925 2206 1060 2246 Tibique
1084 2207 1153 2239 laus
1178 2209 1221 2240 sit
1247 2209 1355 2243 debita

924 2254 986 2285 Per
1011 2255 1208 2287 saeculorum
1232 2259 1370 2291 saecula.

263 2345 331 2374 Cod-
345 2346 459 2374 Oasien.
473 2344 528 2374 280
548 2354 625 2374 saec.
641 2344 684 2375 11.
702 2366 735 2369 --
755 2344 782 2380 2,
801 2345 821 2374 4
840 2347 1000 2383 apostolus.
1014 2363 1051 2368 —-
1071 2349 1222 2379 waassei-
1241 2351 1283 2379 ist
1301 2352 1492 2388 Alphanus

187 2392 255 2411 von
275 2383 440 2412 Salerno.
