1651 2621
716 115 949 151 *51*

394 215 426 247 2.
453 213 580 246 Sanctis
604 214 720 255 quique
744 214 810 245 suis
834 213 943 245 sidera
968 212 1110 251 contulit,

450 261 575 301 Aegros
601 264 637 293 ut
660 261 813 301 relevent,
842 261 1009 293 daemones
1037 258 1182 301 effugent,

450 308 586 349 Nigrum
611 309 697 341 haud
722 311 836 340 noceat
862 308 946 340 virus
973 311 1005 339 et
1029 307 1159 346 aspidis,

451 357 588 389 Cunctos
612 365 673 396 per
696 357 831 396 populos
857 355 974 396 gaudia
997 355 1160 388 seminent.

394 414 425 448 3.
450 413 481 445 Ε
507 413 620 453 quibus
646 412 773 445 famulis
799 413 887 445 sidus
912 415 948 444 ut
971 412 1073 445 Eoum

448 459 609 493 Barbatus
634 459 757 493 meritis
784 460 900 493 clarius
926 460 1049 499 emicat,

447 507 575 541 Docens
599 507 788 541 catholicam
813 507 909 540 fidem
933 507 966 539 in
993 506 1137 539 omnibus

449 555 634 597 Languores
662 555 765 598 diluit,
796 555 920 595 expulit.
940 554 1108 587 haeresim.

391 612 423 646 4.
449 613 599 645 Ostendit
621 612 791 652 Romam,
818 611 966 644 samniae
990 611 1141 652 principi,

449 660 599 694 Sanctam
623 660 803 699 theotocon,
829 659 920 700 virgo
944 667 1104 699 puerpera

447 707 594 746 Expians
620 707 758 739 animum
780 706 867 738 illius
892 707 1015 739 hebetis

451 754 620 795 Compellit
641 754 777 786 Domino
804 754 936 786 credere
959 754 1106 786 maxime.

417 837 423 843 .
450 810 608 843 Samnites
631 810 766 851 populos
793 810 875 842 eruit
898 810 1054 852 hostibus,

449 859 623 892 Credentes
649 857 746 890 fatuis
771 858 986 898 religionibuS,

447 907 560 946 Fregit
585 906 748 946 vipereum
772 915 888 946 nempe
912 906 1127 946 simulacrum,

449 953 615 986 Formavit
641 957 791 993 patenam
815 953 889 985 hinc
915 953 1045 986 calicem
1069 961 1201 993 quoque.

391 1013 422 1044 6.
450 1011 550 1043 Pellis
574 1010 763 1050 sacrilegam
786 1009 901 1042 incidit
925 1009 1081 1050 arborem,

449 1059 595 1091 pendens
621 1067 683 1098 qua
703 1057 858 1098 jaculant,
883 1066 1010 1089 sacrum
1030 1060 1068 1089 ut
1091 1058 1232 1094 ederent,

447 1105 627 1138 nardorum
653 1104 779 1137 soboles
803 1105 945 1137 moribus
971 1105 1099 1145 exteris,

449 1152 575 1186 Cedunt,
601 1152 788 1193 corvipedes
815 1153 991 1185 calcaribus
1016 1152 1092 1187 suis.

393 1214 423 1245 7.
451 1211 623 1251 Postquam
648 1218 742 1243 sacra
767 1209 841 1242 colit
866 1210 928 1242 rite
951 1219 1011 1250 per
1036 1209 1190 1249 ordinem,

446 1258 537 1291 Lotis
562 1261 638 1290 tunc
661 1257 807 1290 manibus
832 1258 1008 1298 haustaque
1032 1257 1169 1289 vasculis

450 1306 603 1339 Libantes
629 1306 741 1337 latices
766 1313 861 1345 aeger
884 1308 916 1337 et
938 1306 1069 1337 insanus

450 1353 592 1394 Surgunt
615 1353 788 1385 incolumes
813 1353 937 1385 salvata
961 1355 1092 1385 somata.

391 1412 422 1443 8.
448 1410 582 1443 Praesul
605 1409 781 1450 magnifice,
809 1417 926 1441 cernue
949 1410 1109 1449 poscimus

447 1459 567 1499 Regem
592 1457 770 1489 terribilem
794 1457 944 1496 precibus
969 1457 1113 1497 obsecra,

444 1505 492 1539 Ut
515 1506 624 1545 culpas
649 1505 766 1547 deluat,
793 1504 928 1537 erimina
952 1505 1087 1545 dissipet

445 1554 491 1586 Et
513 1562 571 1585 nos
595 1553 771 1593 participes
796 1555 915 1584 annuat
939 1552 1070 1593 angelis.

391 1612 420 1645 9.
447 1610 577 1643 Laudes
603 1610 776 1643 altithrono
802 1619 929 1650 semper
951 1611 985 1642 in
1010 1609 1140 1642 aethera

446 1658 537 1692 Patri
564 1661 595 1689 et
620 1659 726 1698 genito
754 1658 860 1690 concio
886 1658 1052 1697 depromat

446 1706 598 1739 Fratrum
618 1706 797 1750 perspicue,
824 1714 942 1746 aequus
966 1705 1066 1738 honor
1091 1714 1215 1746 quoque

447 1754 563 1787 Sancto
589 1754 717 1794 spiritui
742 1754 847 1793 sitque
871 1753 1037 1794 paraclito.

393 813 411 845 Εἰ(

246 1829 331 1857 Brev.
357 1838 409 1857 ms.
438 1829 468 1856 S.
495 1828 624 1865 Sophiae
647 1829 846 1857 Beneventan.
873 1837 948 1857 stec-
969 1827 1044 1857 fllia.
1086 1828 1154 1856 Cod.
1173 1829 1361 1864 Neapolitan.
1388 1827 1429 1855 VI
1457 1827 1483 1855 E

167 1866 214 1896 43.
237 1881 275 1886 —-
296 1865 330 1902 2,
355 1866 374 1894 4
393 1876 446 1904 per
466 1867 546 1895 fehlt.
569 1881 604 1886 -—
625 1865 657 1901 3,
679 1866 695 1894 1
715 1868 807 1895 Eous.
828 1882 863 1887 υ-
885 1866 916 1901 5,
941 1865 959 1894 2
979 1867 1075 1895 fatuit.
1095 1881 1133 1886 -—
1152 1867 1195 1894 Zu
1215 1868 1271 1894 ξπ.
1293 1865 1310 1893 ἰ,
1336 1865 1389 1901 agl.
1417 1866 1484 1893 &ctu

168 1903 220 1934 SS.
242 1906 312 1934 Feb.
332 1906 394 1938 ΙΠ,
425 1904 480 1933 144
498 1915 527 1933 n.
551 1903 594 1933 14.
616 1919 654 1923 -
674 1906 718 1933 Zu
737 1905 795 1934 Str.
816 1904 834 1933 6
853 1906 925 1934 ibid.
949 1903 1003 1933 142
1024 1914 1053 1932 n.
1074 1903 1100 1931 2.
1122 1919 1156 1924 -
1180 1904 1206 1937 9,
1229 1902 1244 1932 1
1266 1904 1415 1932 altithroni

166 1945 252 1973 Nach
274 1944 332 1973 Str.
351 1942 372 1972 4
391 1944 509 1972 Divisio
531 1943 569 1971 ad
588 1943 713 1971 Laudes.

569 2093 617 2125 80.
647 2094 691 2125 De
710 2093 817 2124 sancto
840 2092 1089 2125 Bar-tholomaeo.

669 2180 719 2211 Ad
738 2180 828 2219 Vesp.
852 2182 881 2210 et
899 2179 985 2211 Noct.

166 2264 197 2297 1,
225 2263 324 2298 Lucis
348 2264 502 2302 vergente
526 2262 650 2301 spiculo
856 2262 887 2293 2.
916 2261 994 2294 Post
1013 2260 1175 2294 Christum
1198 2262 1305 2295 lumen
1328 2263 1480 2295 luminum

225 2311 332 2344 Solem
355 2319 473 2350 vesper
497 2309 712 2350 subsequitur,
914 2309 1081 2341 Lucernae
1105 2309 1276 2349 splendent
1299 2311 1437 2352 populis.

225 2359 338 2392 Noctis
365 2361 489 2393 taetrae
516 2358 702 2399 crepusculo
916 2357 1095 2397 Impietatis
1120 2358 1270 2392 tenebras

222 2407 364 2448 Fulgens
390 2406 479 2440 sidus
503 2406 732 2447 praemittitur.
915 2406 1046 2439 Pellunt
1070 2415 1090 2438 a
1115 2406 1220 2440 cordis
1246 2408 1356 2440 oculis.

1270 2461 1314 2492 4*
