1651 2621
694 116 951 150 —244—

631 215 694 248 413.
723 216 768 247 De
788 218 901 248 sancta
921 215 1047 249 Sabina.

706 283 754 313 Ad
777 284 970 314 Nocturnum.

184 353 218 386 1.
243 354 345 386 Beata
368 354 492 393 martyr
518 352 647 395 Christi,
870 355 901 388 3.
928 353 1068 392 Lampas
1094 357 1208 387 onusta
1231 353 1293 386 Dei

241 400 353 433 Hostis
380 399 501 434 Sabina
524 401 651 442 victrht,
928 400 1030 433 Nobis
1056 401 1167 433 adesto
1192 401 1267 441 reis,

240 449 279 481 In
308 451 362 482 tuo
388 446 471 480 festo
496 449 574 481 odas
927 448 1069 480 Assidua
1095 457 1166 480 cum
1190 457 1286 489 prece

242 496 333 528 Haec
365 495 458 537 plebs
482 498 515 527 te
539 497 668 536 plaudit
692 504 808 530 coram.
929 495 1090 528 Summum
1117 504 1214 529 exora
1238 505 1355 537 regem.

183 554 216 587 2.
245 553 334 592 Quae
357 561 435 594 opes
459 555 604 585 temnens
629 552 716 586 orbis
870 555 902 586 4.
926 553 995 592 Quo
1019 553 1181 585 valeamus
1204 553 1279 594 puri

243 600 324 632 'loto
352 599 480 633 fervore
506 601 612 633 cordis
928 600 1026 633 Bonis
1052 601 1200 640 supernis
1225 599 1289 632 frui

242 649 381 689 Propter
404 656 542 679 amorem
566 646 695 687 Christi,
927 647 972 680 Et
999 649 1104 679 tecum
1127 648 1161 680 in
1186 657 1324 688 superno

243 695 343 733 Quem
366 703 492 734 semper
518 695 670 729 dilexisti.
928 696 1104 735 Jungamur
1130 696 1235 728 cuncti
1261 704 1370 736 regno,

258 760 344 787 Brev.
366 768 419 787 ms.
441 759 602 788 Oasinense
622 767 697 788 saec.
714 757 757 786 11.
789 759 857 787 Cod.
873 761 1008 788 Vatican.
1022 761 1127 789 Urbin.
1142 759 1207 789 585.
1221 761 1287 788 add.
1308 770 1383 790 saec.
1400 759 1444 790 13.
1458 777 1497 782 —-

182 797 237 824 Am
248 797 385 826 Schlusse
400 797 476 825 noeh
490 798 541 825 der
550 798 667 834 Anfang
680 798 761 825 einer
770 798 936 835 Doxologie
946 798 1072 826 Praesta
1084 802 1176 835 pater.
1207 799 1298 827 Nieht
1309 809 1369 829 von
1378 800 1495 829 Alfano.

628 918 691 950 414.
722 918 766 949 De
786 920 898 950 saneta
918 918 1043 951 sabina.

738 985 787 1015 Ad
806 985 934 1016 Laudes.

548 1056 577 1087 1.
605 1055 657 1087 Ad
680 1054 782 1093 patris
810 1056 905 1087 decus
931 1055 1043 1093 optimi

606 1101 721 1134 Cordis
746 1102 876 1134 vocibus
900 1102 1004 1134 intimi

613 1149 750 1181 Sabinae
777 1149 917 1181 celebres
944 1149 1047 1181 choris

608 1196 735 1228 Laudes
760 1197 890 1236 pangite
914 1197 1075 1236 martyris.

548 1255 579 1288 2.
608 1253 694 1286 Coeli
723 1253 850 1285 scandit
874 1255 915 1286 ad
938 1254 1071 1286 arduum

605 1300 793 1332 Sanctorum
818 1301 888 1332 vice
912 1303 1009 1340 mart)
1021 1310 1087 1332 rum

606 1348 650 1379 Et
674 1348 758 1387 regis
783 1348 845 1379 sibi
869 1347 969 1381 filium

607 1394 720 1426 ,Iunxit
744 1393 874 1426 foedere
899 1395 1066 1435 virginum.

554 1452 585 1483 3.
611 1451 649 1482 In
676 1451 764 1489 cujus
791 1452 973 1484 diademate

608 1497 759 1530 Gemmas
783 1507 870 1530 more
892 1499 1090 1538 jacinthinae

610 1544 745 1576 Summis
767 1554 827 1584 pro
852 1546 974 1577 meritis
1000 1546 1092 1585 nitet,

607 1590 693 1629 Quae
718 1590 836 1622 Christi
860 1592 976 1623 meruit
999 1591 1074 1624 fide.

555 1648 587 1679 4.
614 1646 768 1679 Coelestis
793 1647 855 1678 sibi
877 1648 1026 1688 dignitas,

608 1693 691 1725 Rivo
716 1695 876 1733 sanguinis
900 1695 1014 1733 indita,

611 1740 710 1772 Novit
737 1741 861 1772 solvere
884 1742 1027 1781 praemia

606 1787 714 1818 Metae
739 1789 890 1827 temporis
914 1789 1025 1821 inscia.

553 1845 583 1876 5.
609 1843 689 1883 Ejus
713 1844 816 1884 gloria
840 1845 975 1877 circulos

609 1891 740 1929 Semper
764 1894 918 1931 praeterit
942 1902 1072 1934 annuos,

610 1938 694 1976 Quae
720 1941 806 1970 tanto
831 1939 869 1971 fit
892 1941 1036 1981 amatior,

609 1984 670 2016 Est
692 1989 807 2024 quanto
832 1988 1012 2026 pretiosior.

555 2042 584 2074 6.
610 2041 725 2072 Mundi
753 2042 886 2075 deliciae
910 2046 1044 2076 taetrum

607 2088 723 2120 Mortis
748 2090 934 2128 possideant
958 2091 1071 2135 locum,

608 2134 704 2174 Cujus
727 2137 876 2175 supplicii
901 2147 998 2178 genus

609 2183 702 2214 Vitae
726 2183 787 2214 scit
813 2184 890 2216 dare
912 2187 1098 2225 praemium.

554 2240 584 2271 7.
612 2239 675 2271 Ora
697 2247 756 2277 pro
782 2239 909 2272 famulis
935 2242 1008 2281 tuis,

611 2287 747 2328 Martyr,
775 2289 915 2327 germine
938 2288 1065 2330 nobilis,

610 2334 711 2366 Multo
743 2335 880 2368 nobilior
904 2337 1003 2376 magis

608 2381 697 2413 Sacri
723 2380 853 2414 foenore
877 2384 1047 2425 sanguinis.
