1651 2621
676 128 931 165 —109—

591 249 649 281 177.
678 250 723 282 De
743 252 852 283 sancto
874 251 1022 292 Galgano.

650 335 700 365 Ad
719 336 809 374 Vesp.
830 340 859 366 et
877 337 963 368 Noct.

149 408 181 443 1.
208 410 293 442 Aula
317 412 491 444 mundatur
515 414 663 446 sordibus
836 418 867 449 3.

207 457 318 491 Poena
342 459 446 492 soluta
470 461 604 501 legibus,

205 504 257 537 De
281 507 459 546 majestatis
484 508 620 541 culmine

206 552 390 593 Reparatur
412 556 446 586 in
471 556 598 588 homine

254 600 355 633 Totus
380 610 472 635 casus
497 604 668 644 angelicus,

148 678 179 709 2.
205 675 315 709 Faber
338 677 487 710 misertus
513 679 656 712 fabricae
835 682 867 714 4.

210 723 323 756 Carnis
349 725 497 758 adhaesit
521 727 655 766 tunicae,

208 770 310 805 Cruce
334 774 445 805 mortis
473 773 608 806 confinia

205 819 363 852 Sustinuit
388 824 420 852 et
444 822 559 862 omnia,

254 868 342 908 Quae
367 869 474 900 sonuit
496 869 713 909 propheticus.

894 416 954 448 His
979 417 1151 457 inspiratus
1177 418 1309 450 coelitus

893 464 969 496 Tiro
995 464 1155 504 Galganus
1179 465 1307 497 inolitus

893 511 1008 543 Mundi
1034 521 1186 551 spernens
1210 512 1378 545 illecebras

892 558 964 590 Poli
988 560 1143 598 quaesivit
1168 559 1345 601 cathedras,

941 605 1006 638 Ubi
1030 610 1141 647 regnat
1166 606 1328 640 almificus.

895 681 954 720 Qui
978 683 1056 714 satis
1083 683 1186 714 clarus
1212 692 1327 723 genere

893 729 1008 761 Mundi
1033 729 1177 770 projecta
1199 731 1324 763 Venere

896 775 1058 809 Silvestris
1088 777 1206 810 herbae
1232 777 1363 822 fercula,

894 823 1060 864 Liquentis
1085 833 1185 864 aquae
1208 826 1324 864 pocula

944 870 1086 911 Sumpsit
1108 871 1171 903 Dei
1195 872 1364 908 theoricus,

488 946 518 979 5.
547 945 598 977 Sit
621 946 688 986 regi
713 945 797 978 trino
823 945 935 986 gloria,

546 992 595 1025 Sit
619 993 700 1032 laus,
727 992 770 1024 sit
795 996 827 1024 et
850 993 993 1032 victoria,

548 1040 608 1079 Qui
632 1042 772 1072 nostrum
799 1041 848 1072 sui
873 1041 1051 1081 principem

546 1087 648 1127 Regni
675 1086 753 1119 fecit
777 1087 967 1128 participem

592 1134 631 1165 In
655 1134 855 1166 saeculorum
880 1135 1016 1168 saecula.

226 1227 312 1255 Brexr.
337 1236 392 1256 ms.
414 1227 610 1256 cisterciense
633 1237 708 1257 saec.
731 1227 775 1256 14.
815 1229 885 1257 Ood.
907 1228 1080 1257 Gasanaten.
1101 1229 1127 1257 A
1145 1230 1188 1258 IV
1208 1227 1243 1257 16
1263 1227 1347 1264 (123).
1367 1229 1401 1257 Α.
1422 1245 1457 1249 --

148 1265 230 1293 Cant.
252 1274 305 1293 ms.
327 1264 497 1294 cistercien.
516 1265 556 1301 (S.
577 1267 691 1294 Mariae
714 1267 818 1300 Urani)
837 1275 912 1295 saec.
936 1265 979 1294 14.
1017 1267 1085 1295 Cod.
1105 1268 1267 1296 Ravennat.
1291 1266 1351 1295 129.
1372 1277 1395 1295 s.
1419 1268 1447 1296 11

147 1304 180 1332 B.
202 1318 240 1323 -
260 1303 423 1333 Varianten
442 1304 543 1340 keine3
564 1304 693 1333 Melodie
712 1306 745 1333 B.

594 1482 652 1515 178.
684 1484 727 1514 De
747 1483 855 1514 sancto
875 1482 1025 1523 Galgano.

714 1567 763 1598 Ad
782 1568 910 1599 Laudes.

146 1648 178 1681 1.
204 1648 394 1680 Macronem
420 1650 526 1679 terrae
551 1647 673 1680 solidae
835 1650 866 1681 3.

204 1695 304 1735 Fixit,
329 1695 576 1727 inrevocabilem

201 1743 344 1774 Mentem
370 1743 476 1782 coelis,
499 1741 629 1783 jejuniis

205 1791 339 1830 Corpus,
366 1799 424 1822 ora
447 1790 621 1831 psamodiis

252 1837 428 1878 Egentibus
452 1837 629 1870 munificus..

145 1916 178 1947 2.
207 1913 355 1953 claudos,
384 1914 537 1955 lem-OSOS,
562 1913 739 1954 languidoS‚
832 1916 864 1946 4.

204 1961 356 2003 Captivos
383 1964 415 1993 et
438 1961 609 2002 invalidos,

205 2010 289 2050 Quos
318 2010 431 2050 longus
454 2009 590 2049 languor
614 2009 724 2047 tenuit,

202 2059 256 2091 Ad
281 2057 421 2098 pristina
445 2057 587 2089 restituit

246 2107 309 2140 Per
332 2106 438 2147 ipsum
464 2105 545 2137 coeli
568 2104 721 2137 medicus.

895 1646 1045 1690 Galgane,
1072 1647 1134 1680 Dei
1158 1648 1286 1690 famule,

893 1696 955 1728 Pro
979 1695 1072 1727 nobis
1098 1705 1154 1727 ora
1178 1695 1298 1739 sedule,

891 1742 937 1775 Ut
962 1751 1031 1775 cnm
1053 1743 1242 1782 judiciarius

891 1791 978 1823 Ordo
1003 1791 1158 1830 procedat
1181 1791 1298 1830 varius,

938 1838 987 1870 Tu
1010 1840 1119 1870 noster
1143 1838 1187 1869 sis
1213 1838 1402 1871 causidicus.

890 1913 938 1945 Tu
957 1913 1048 1945 nobis
1073 1913 1250 1954 patrocinio

890 1961 1097 1994 Patrocinare
1121 1962 1263 2003 proprio,

888 2009 935 2041 Ut
958 2017 1033 2048 pars
1057 2012 1167 2040 nostra
1190 2010 1376 2048 praevaleat

890 2058 934 2088 M
956 2056 1057 2088 hostis
1081 2057 1184 2088 victus
1212 2057 1319 2089 doleat

934 2104 1109 2145 Tamquam
1146 2107 1361 2145 transgressor

1176 2152 1333 2193 publicus.

542 2222 573 2254 5,
601 2220 651 2253 Sit
674 2219 742 2261 regi
768 2219 852 2251 trino
876 2219 987 2259 gloria.

216 2309 304 2336 Brev.
328 2316 383 2336 ms.
406 2307 602 2335 cisterciense
622 2315 698 2334 saec.
720 2303 765 2334 14.
806 2305 874 2333 Cod.
896 2305 1071 2333 Casanaten.
1092 2304 1118 2332 A
1137 2305 1181 2333 IV
1202 2303 1236 2334 16
1257 2303 1343 2341 (123).
1363 2307 1398 2335 A.

142 2347 225 2376 Cane.
246 2356 300 2375 ms.
324 2346 518 2375 cisterciense
537 2345 577 2381 (S.
598 2346 711 2374 Mariae
728 2343 832 2378 Urani)
851 2352 927 2372 saec.
950 2341 993 2371 14.
1028 2343 1097 2371 Cod.
1111 2344 1274 2372 Ravennat.
1297 2342 1359 2374 129.
1381 2355 1403 2374 s.
1419 2348 1454 2373 Η.

136 2388 172 2415 Β.
201 2400 239 2405 -
269 2383 293 2420 1,
315 2382 333 2413 3
354 2386 430 2414 coeli
449 2386 481 2413 B.
504 2399 539 2405 ——-
559 2384 596 2412 In
615 2385 639 2413 Β
661 2384 723 2412 ein
743 2383 879 2419 Hymnus
899 2382 955 2410 mit
973 2381 1038 2410 dem
1055 2383 1177 2419 vorigen
1196 2382 1256 2410 und
1277 2383 1320 2411 als
1341 2385 1456 2412 Divisi..

133 2424 314 2454 bezeichnet.
