1651 2621
772 126 1032 166 —279-

694 223 763 256 472.
793 224 834 257 De
854 226 965 257 sancta
986 223 1112 257 Ursula.

796 293 845 323 Ad
863 293 993 325 Laudes.

926 365 958 398 4.
987 363 1140 396 Coelestis
1165 371 1279 403 nempe
1304 362 1393 395 curia

987 411 1159 444 Gratanter
1187 410 1238 442 his
1263 410 1458 452 obsequitur,

241 361 272 394 1.
298 359 369 393 Hae
393 363 468 393 sunt
491 360 758 402 adolescentulae,

300 407 387 447 Quae
414 409 509 441 nimis
535 408 695 442 Christum
722 411 866 454 diligunt,

299 456 363 488 Pro
390 456 516 490 Christo
543 457 662 491 Christi
687 457 825 491 famulae
985 458 1126 499 Sponsus
1154 459 1285 491 decorus
1310 458 1413 497 gloria

301 503 422 544 Corpus
448 507 615 538 tormentis
639 506 800 547 subigunt.
985 506 1126 547 Sponsas
1149 514 1258 539 sacras
1283 505 1497 545 amplecitur.

242 563 274 594 2.
300 561 394 594 Albis
418 563 556 595 vallatae
581 563 705 596 choreis
928 565 960 599 5.
986 564 1109 596 Harum
1129 564 1274 604 placatus
1297 563 1447 604 precibus

301 609 390 643 Coeli
415 613 529 650 petunt
554 609 684 651 fastigia
987 612 1110 645 Cuncta
1136 611 1277 652 depellat
1300 611 1397 644 noxia

301 657 340 689 In
365 658 562 690 vestimentis
588 659 693 691 aureis
986 658 1116 700 Nosque
1141 668 1210 691 cum
1237 658 1317 691 coefi
1342 659 1462 691 civibus

301 704 380 739 Cum
405 705 567 746 triumpho
594 710 626 738 et
650 707 762 747 gloria.
988 707 1040 739 Ad
1065 707 1147 740 coeli
1171 706 1257 739 ferat
1280 707 1406 748 gaudia.

243 764 275 797 3.
300 762 325 795 Ο
352 772 446 803 quam
470 762 548 795 felix
573 764 805 803 commercium,
930 765 961 797 6.
987 763 1051 796 Uni
1076 765 1161 805 patri
1188 772 1257 796 cum
1282 764 1392 796 inclito

300 810 364 842 Pro
389 811 525 843 terrenis
551 811 710 850 coelestia,
988 811 1109 853 Honor,
1136 812 1236 845 virtus
1262 817 1294 844 et,
1317 812 1428 851 gloria,

302 858 494 897 Contempta
518 859 728 891 mundialium
990 858 1067 891 Cum
1093 860 1210 899 spiritu
1233 859 1388 899 paraclito

301 904 390 938 Coeli
414 909 598 938 mercantur
622 907 748 948 gaudia.
987 906 1120 939 Saecula
1144 908 1187 939 sit
1209 916 1268 947 per
1293 908 1407 941 omnia.

315 971 422 999 Diuru.
442 979 496 999 ms.
509 971 748 1000 Praedicatorurn
766 981 841 1001 saec.
865 970 909 1000 15.
947 972 1015 1000 eod.
1037 974 1178 1000 Mareian.
1197 973 1225 1000 L
1242 974 1259 1001 Ι
1278 969 1326 1001 83.
1340 972 1374 1000 A.
1403 987 1435 991 -—
1450 972 1556 1000 Diurn-

240 1019 294 1038 ms.
314 1009 557 1038 praedicatorum
584 1019 660 1039 saee-
685 1009 728 1038 15.
768 1011 838 1038 Cod.
860 1011 1001 1038 Marcizm.
1023 1011 1071 1038 ZL
1093 1008 1155 1039 160.
1177 1012 1210 1039 B.
1230 1025 1269 1029 —-
1290 1012 1374 1039 Brev.
1394 1018 1446 1038 ms.
1468 1010 1556 1038 Pte--

242 1048 330 1113 σὲἰοεξῡ.
353 1048 525 1114 Οιὲςῐᾳοᾙθη.
547 1050 618 1076 anni
641 1046 722 1077 1467.
756 1050 825 1077 (jod.
847 1049 1021 1077 Casanaten.
1042 1050 1066 1077 B
1086 1049 1129 1076 V1
1148 1048 1166 1077 5
1185 1047 1288 1085 (1182).
1312 1050 1343 1076 G.
1364 1065 1402 1069 —
1422 1046 1447 1083 2,
1471 1046 1489 1075 2
1509 1057 1557 1085 pe-

258 1095 297 1114 un
330 1095 382 1115 ves
398 1094 468 1122 igi-a.

697 1180 765 1212 473.
795 1180 839 1212 De
858 1181 971 1212 sancta.
991 1178 1115 1211 Ursula.

803 1249 852 1279 Ad
871 1248 999 1279 Laudes.

932 1319 964 1353 3.
991 1318 1094 1358 Hujus
1119 1317 1260 1350 cohortis
1285 1317 1404 1351 Ursula

991 1365 1116 1398 Devota
1132 1365 1324 1405 primiceria,

989 1414 1148 1452 Pereepta
1170 1415 1277 1444 mente
1300 1412 1414 1444 sedula

991 1460 1077 1493 Diva
1102 1464 1221 1493 tractat
1244 1460 1405 1500 mysteria.

247 1317 276 1350 1.
304 1316 329 1350 O
356 1317 436 1359 dies,
468 1317 536 1349 dies
561 1318 728 1362 virginum,

303 1364 381 1397 Dies
408 1365 530 1398 dierum
555 1365 668 1405 gloria,

302 1413 372 1452 Qua
394 1421 479 1445 nova
501 1414 572 1445 laus
597 1413 733 1453 initium,

302 1460 416 1493 Finem
442 1462 529 1501 capit
548 1461 688 1496 miseria.

243 1520 276 1551 2.
302 1518 381 1558 Quis
408 1518 505 1558 <ligne
528 1516 592 1551 fari
614 1519 736 1559 poterit

302 1565 365 1599 Tot
394 1565 552 1606 virginum
577 1567 758 1608 praeconia,

302 1612 407 1647 Solius
433 1622 504 1645 cum
529 1614 690 1654 supererit

302 1661 423 1695 Laudis
448 1661 573 1695 referre
599 1661 733 1695 debita?

957 1544 964 1550 .
990 1518 1161 1551 Instructis
1186 1518 1262 1550 hinc
1285 1517 1449 1549 sodalibus

989 1565 1150 1598 Decursus
1175 1565 1224 1598 sui
1249 1565 1384 1597 termino

991 1613 1082 1646 Velle
1106 1612 1144 1645 fit
1167 1622 1263 1646 unum
1288 1613 1443 1651 omnibus,

990 1662 1153 1695 Virtutum
1175 1662 1266 1702 jungi
1290 1662 1437 1695 Domino.

606 1721 638 1754 5.
664 1719 714 1752 Sit
738 1720 825 1760 pairi
851 1720 962 1759 sponsi
987 1719 1146 1760 virginum

666 1768 797 1808 Ipsique
821 1776 939 1808 sponso
961 1767 1073 1809 gloria,

668 1815 746 1847 Cum
771 1815 889 1855 spiritu
915 1816 969 1856 qui
993 1815 1144 1855 gaudium

667 1862 733 1894 Hic
759 1862 854 1895 donet
882 1865 914 1894 et
933 1863 968 1895 in
992 1863 1109 1902 patria.

320 1929 431 1965 Hymn.
459 1938 512 1957 ms.
539 1927 569 1956 S.
596 1928 720 1965 Agnetis
745 1928 858 1957 Bonon.
885 1936 961 1956 saec.
984 1926 1027 1955 14.
1069 1927 1139 1955 God.
1160 1928 1272 1956 Bonon.
1299 1929 1317 1956 b
1347 1929 1363 1956 Ι
1392 1927 1437 1957 16.
1463 1929 1497 1956 A.
1528 1943 1565 1949 --

244 1969 330 1997 Brev.
357 1977 411 1996 ms.
436 1968 677 1996 Praedicabomm
701 1974 778 1994 saec.
803 1965 847 1994 15.
888 1966 957 1994 (lod.
980 1966 1072 1994 Univ.
1094 1966 1205 1994 Bonon.
1230 1964 1316 1994 263⁵.
1337 1968 1370 1994 B.
1396 1981 1433 1986 fl
1460 1967 1565 1995 Dium.

244 2016 300 2035 ms.
321 2008 558 2035 Praedicatorum
582 2014 658 2033 saec.
682 2002 724 2033 15.
766 2004 836 2032 Cod.
857 2005 1001 2033 Marcian.
1021 2005 1048 2032 L
1067 2005 1083 2033 I
1102 2001 1195 2033 83.st
1215 2020 1253 2024 —
1274 2006 1378 2033 Diurn.
1403 2014 1455 2033 nis.
1476 2006 1555 2034 Prae

244 2046 411 2074 dicatorum
431 2054 507 2073 saec.
531 2042 575 2073 15.
616 2043 687 2073 Cod.
707 2044 850 2071 Marcian.
871 2043 921 2070 ZL
942 2041 1004 2072 160.
1025 2044 1062 2071 D.

701 2146 769 2179 474.
799 2144 844 2177 De
864 2146 973 2178 sancto
992 2144 1136 2178 Venerio.

794 2213 844 2244 Ad
864 2213 1022 2252 Vesperas.

247 2292 277 2324 1.
305 2290 453 2324 Solemne
478 2287 593 2322 festum
620 2286 767 2330 gentibus

307 2338 391 2371 Cleri
419 2340 515 2372 canat,
538 2336 705 2373 modestia,

304 2386 423 2420 Beatus
449 2389 499 2417 est
523 2385 679 2418 Venerius

306 2434 374 2474 Quo
402 2436 515 2468 ductus
541 2433 583 2468 ad
609 2432 770 2469 coelestia.

937 2287 968 2319 2.
996 2284 1055 2324 Qui
1080 2285 1158 2318 vicit
1182 2286 1214 2317 in
1241 2286 1382 2318 scientiis

996 2332 1064 2366 Sibi
1090 2342 1232 2373 coaevos,
1259 2335 1394 2375 pomulis

996 2381 1075 2422 Tyri
1098 2381 1166 2415 Deo
1193 2383 1375 2415 deserviens

996 2429 1143 2472 Solisque
1167 2430 1249 2464 vixit
1272 2431 1425 2466 herbulis.
