1653 2622
716 111 972 147 —219—

589 223 650 256 371.
680 224 716 255 In
737 224 943 257 Conversione
962 234 985 257 s.
1005 225 1105 257 Pauli.

752 293 799 323 Ad
819 293 947 323 Laudes.

187 358 220 392 1.
245 359 391 399 Accepta
413 361 533 394 Paulus
556 362 659 403 gratia
878 364 909 396 5.
934 364 1053 395 Paulus
1077 363 1196 404 ubique
1218 363 1385 404 praedicat

248 406 327 439 Cum
350 407 504 449 baptismi
527 409 685 441 munditia
936 411 1058 443 Nomen
1084 410 1202 443 Christi
1226 419 1286 442 nec
1310 411 1463 455 trepidat7

246 454 370 487 Lumen
396 456 520 489 actibus
545 458 677 497 recepit,
935 458 1070 490 Paratus
1095 459 1163 498 pati
1188 459 1324 499 vincula,

246 501 362 534 Fidem
389 505 504 537 docere
527 505 658 546 incepit.
933 506 1071 538 Mortem
1098 515 1135 537 ac
1159 515 1255 538 saeva
1279 506 1424 538 verbera.

188 560 221 592 2.
247 559 359 592 Turba
383 562 504 602 gaudet
525 560 678 602 fidelium,
876 563 908 595 6.
933 564 1048 595 Portat
1070 563 1200 595 Domini
1225 563 1374 603 stigmata

246 608 378 640 Audent
401 609 520 643 Judaei
544 610 660 651 odium,
933 610 977 642 Et
1004 610 1104 651 ipsius
1132 613 1328 650 documenta,

250 655 387 696 Gregem
412 657 552 690 divinum
578 657 726 697 persequi
932 657 1073 690 Mundus
1097 659 1220 698 recepit
1244 658 1389 700 gratiam,

247 702 417 743 Nunquam
446 705 604 737 desistunt
626 703 752 745 perfidi.
933 706 1049 738 Fidem
1074 709 1168 746 atque
1190 705 1356 746 justitiam.

190 760 222 793 3.
247 759 449 793 convalescit
473 762 645 801 apostolus,
880 763 910 794 7.
938 763 962 795 O
988 763 1082 795 beate
1106 762 1260 803 apostole,

249 807 509 849 Judaeorumque
533 810 670 849 populus
935 810 1074 842 Verbum
1099 809 1283 843 inedicibile

250 853 466 888 Confunditur
490 865 510 887 a
531 856 660 888 Domini
935 857 1026 898 Roga
1049 867 1107 897 pro
1132 858 1224 890 nobis
1249 857 1393 889 omnibus

249 901 364 934 Verbis
391 903 494 935 sancti
518 905 666 943 apostoli.
934 904 1033 937 Festa
1058 909 1112 937 tua
1138 905 1324 937 colentibus.

187 960 221 993 4.
248 958 405 992 Sanctum
429 960 563 992 Paulum
590 960 756 1000 discipulis
879 962 910 994 8.
936 962 1002 995 Uni
1026 961 1094 994 Deo
1121 963 1163 994 sit.
1186 962 1299 1002 gloria,

247 1007 414 1039 Barnabas
441 1006 533 1040 offert
557 1008 695 1046 humilis,
937 1009 995 1041 Cui
1019 1018 1082 1041 una
1107 1011 1244 1041 essentia

247 1054 366 1087 Christi
391 1054 511 1088 factum
536 1056 714 1095 apostolum
934 1056 980 1088 Et
1002 1065 1209 1097 personarum
1231 1057 1370 1094 trinitas,

247 1102 310 1134 Pro
334 1103 438 1134 salute
462 1101 614 1135 fidelium.
933 1104 1019 1136 Vera
1044 1107 1076 1135 et
1099 1105 1235 1144 simplex
1261 1105 1405 1143 qualitas.

265 1186 375 1221 Hymn.
403 1196 457 1214 ms.
485 1186 514 1214 S.
542 1186 742 1216 Scholastieae
769 1187 903 1216 Casinen.
930 1196 1006 1215 saec.
1028 1185 1072 1216 15.
1116 1189 1184 1217 Cod.
1214 1187 1347 1216 Catinen.
1375 1186 1441 1217 869.
1466 1203 1507 1207 -—

190 1222 218 1259 2,
241 1222 259 1252 3
280 1224 366 1252 deum
385 1226 531 1261 persequi.
552 1240 589 1245 —
610 1224 636 1260 2,
656 1224 677 1252 4
696 1226 847 1254 desistant.
868 1240 906 1245 —
926 1225 951 1261 4,
975 1225 990 1253 1
1012 1227 1196 1262 discipulum.
1216 1241 1253 1246 -
1275 1225 1291 1248 F
1321 1225 1341 1254 4
1360 1228 1457 1255 Morti.

597 1375 661 1406 372.
694 1375 737 1406 De
758 1384 796 1406 ss.
818 1375 909 1406 Petro
933 1376 965 1406 et
983 1375 1091 1406 Paulo.

185 1464 216 1498 1.
243 1464 354 1497 Passio
381 1463 567 1504 pontificum
874 1466 904 1498 5.
932 1464 1018 1497 Gens
1044 1464 1189 1505 humana,
1216 1466 1349 1505 respice,

243 1511 343 1550 Petri,
369 1513 464 1544 Pauli
487 1513 598 1544 rutilat
932 1512 1057 1551 Quanta
1079 1513 1121 1544 sit
1145 1514 1289 1553 potentia

291 1559 408 1591 Orbem
433 1562 544 1599 totum,
978 1561 1085 1600 Larga
1110 1561 1180 1602 Dei,

241 1607 358 1639 Annua
384 1617 477 1648 quam
504 1607 636 1640 colimus
931 1608 1009 1641 Cum
1033 1608 1175 1648 piscator
1200 1608 1304 1641 factus
1330 1610 1371 1641 sit

288 1654 351 1687 Per
375 1658 530 1696 tempora.
975 1656 1160 1696 Apostolus.

182 1714 215 1746 2.
241 1712 301 1745 Isti
325 1713 414 1744 velut„
437 1712 544 1745 lucida
872 1712 902 1747 6.
929 1712 1024 1745 Hunc
1050 1713 1091 1744 de
1114 1714 1212 1746 maris
1237 1714 1332 1746 litore

244 1760 446 1793 Candelabra
469 1761 605 1793 rutilant
930 1760 1007 1793 Cum
1033 1764 1164 1793 vocaret
1183 1762 1337 1794 Dominus

288 1809 373 1839 Ante
396 1809 500 1841 Deum
974 1810 1181 1846 Piscatorem‚

241 1855 285 1888 Et
313 1854 462 1887 fruuntur
487 1856 611 1896 gaudiis
927 1856 988 1888 Ille
1013 1857 1159 1896 linquens
1185 1857 1268 1889 retia

288 1903 364 1935 Sine
387 1902 461 1938 fine.
973 1902 1143 1937 Profectus
1172 1907 1229 1936 est.

181 1964 211 1996 3.
239 1961 350 2002 Longo
376 1961 518 2002 quamvis
543 1963 687 2002 tempore
870 1962 900 1994 7.
927 1960 1080 1993 Conditor
1104 1961 1256 2005 aetherei,

237 2010 306 2042 Hos
332 2018 440 2041 errare
466 2011 621 2049 compulit
927 2010 1035 2041 Animi
1059 2010 1269 2042 constantiam

285 2057 391 2098 Vagus
417 2066 518 2095 error,
970 2057 1051 2098 Ejus
1078 2065 1220 2098 cernens,

238 2106 317 2139 Post
341 2105 488 2138 conversi
512 2105 682 2138 Dominum
927 2103 982 2137 lili
1008 2106 1113 2137 claves
1138 2105 1274 2138 tradidit

284 2153 391 2186 Secuti
418 2157 501 2187 sunt.
973 2153 1160 2185 Aethereas.

176 2212 211 2244 4.
238 2212 330 2245 Unus
358 2215 455 2251 caput
479 2211 603 2243 exstitit
867 2212 898 2244 8.
924 2211 1120 2243 Potestatem
1145 2211 1267 2250 pariter

234 2259 347 2291 Totius
373 2259 539 2300 ecclesiae,
926 2258 1092 2300 Alligandi
1118 2258 1254 2291 dederat

285 2307 460 2346 Apostolus
973 2306 1018 2338 Et
1042 2306 1198 2348 solvendi,

234 2354 330 2386 Alter
360 2355 471 2387 doctor
495 2356 636 2396 gentium
926 2354 971 2386 Ut
996 2362 1052 2387 suo
1078 2356 1264 2393 permaneat

282 2402 472 2436 Exstiterat.
974 2401 1129 2435 Arbitrio.
