1651 2621
724 150 768 155 —
817 128 981 163 200-—

207 230 240 262 7.
263 230 347 262 Nam
370 228 517 269 vincitur,
543 228 596 267 qui
620 226 767 268 percutit,

264 277 322 316 Qui
346 277 486 320 vapulat,
512 274 672 313 interficit,

262 324 343 356 Dum
370 324 499 363 patitur,
526 323 553 354 si
577 322 720 364 sustinet,

264 371 425 403 Coelorum
450 379 549 411 regna
572 369 723 409 possidet.

882 225 914 259 8.
940 224 1002 255 Pro
1026 222 1128 261 nobis,
1153 221 1275 261 Maure,
1303 217 1435 249 obsecra

941 270 987 303 Ut
1010 278 1187 301 mereamur
1211 266 1345 308 gratiam

940 316 1102 357 Amplecti
1129 317 1163 347 in
1187 314 1335 347 aethereo

940 365 1058 396 Tecum
1082 372 1208 403 semper
1233 359 1359 402 palatio.

600 428 631 459 9.
660 425 770 457 Gloria
793 423 863 463 tibi,
888 422 1032 455 Domine.

283 493 364 522 Offic.
390 501 441 520 ms.
469 492 498 520 S.
521 492 618 519 Mauri
637 490 821 519 Lanellensis
847 496 922 515 saec.
951 485 993 514 15.
1026 495 1069 513 ex,
1110 484 1178 511 Cod.
1198 479 1382 516 Neapolitan.
1408 475 1452 503 V1
1475 474 1502 502 Ε

208 530 253 559 17-
277 546 314 550 —
341 530 373 564 1,
396 529 412 558 1
439 531 519 558 sidus
541 529 648 564 judice.
668 543 703 546 —
724 526 756 561 4,
783 526 798 554 1
818 526 890 553 fehlt
910 527 975 554 eine
994 523 1088 555 Silbe;
1115 530 1153 549 an
1173 519 1308 549 clarescis
1328 518 1368 543 ist
1385 513 1502 547 radici-t,

208 569 359 597 vielleicht
376 567 581 604 urspriinglich
601 566 786 594 claresceris‘?

578 675 646 706 340.
676 674 718 705 De
738 674 843 705 sancto
863 672 968 703 Mauro
989 671 1136 710 Martyre.

208 749 239 781 1.
265 748 386 787 Regum
410 755 477 786 rex,
506 746 603 785 Deus,
630 745 775 785 omnium,

263 795 350 826 Audi
373 797 446 825 vota
470 793 653 835 petentium,

265 841 373 873 Sancti
395 840 503 872 Mauri
528 840 623 879 (ligna
646 847 742 879 prece

264 888 331 919 Nos
355 888 478 926 peccati
501 887 619 918 munda
643 883 740 917 faece.

209 947 238 979 2.
263 944 327 976 Hic
351 952 389 974 ex
412 942 544 974 Africae
567 941 711 981 partibus

268 991 362 1023 Ortus
386 991 505 1021 relictis
531 989 674 1020 omnibus

264 1039 317 1070 Ire
340 1039 414 1077 post
437 1037 537 1068 Deum
563 1035 683 1075 cupivit

265 1084 310 1116 Et
332 1084 462 1125 invenit,
489 1092 580 1123 quem
605 1082 768 1122 quaesivit.

210 1142 241 1173 3.
265 1142 304 1173 In
330 1142 434 1172 aetate
458 1139 572 1179 puerili

265 1187 374 1219 Mente
398 1195 493 1218 senex
519 1190 550 1216 e't
571 1185 666 1222 virili,

267 1234 330 1273 Spe
355 1234 483 1264 coelesti
503 1233 569 1271 jam
591 1231 740 1271 rep1etus,

265 1280 368 1313 Gazas
391 1280 494 1319 aegris
520 1279 609 1310 dedit
630 1279 741 1310 laetus.

208 1339 241 1370 4.
267 1337 368 1368 Nocte
392 1345 499 1367 somno
522 1335 654 1366 Maurus
680 1334 770 1365 datus

268 1385 330 1416 Per
353 1383 498 1422 angelum
522 1382 684 1422 excitatus,

268 1430 311 1462 Se
332 1430 500 1470 praenovit
522 1428 642 1460 Romae
664 1428 743 1468 pati,

269 1478 356 1517 Quod
382 1475 554 1508 concordat
576 1474 712 1506 veritati.

883 745 913 776 5.
939 741 1105 781 Regnabat
1130 737 1341 772 Numerianus

940 788 1099 821 Christum
1124 795 1240 827 negans
1264 787 1300 814 ut
1324 789 1467 819 vesanus,

938 835 1018 875 Ejus
1041 842 1171 874 praeses
1195 830 1369 867 Celerinus,

940 882 998 921 Qui
1022 881 1150 913 sceleris
1176 882 1246 911 erat
1267 877 1363 908 sinus.

882 941 912 972 6.
939 939 1106 973 jusserunt
1131 936 1192 968 viri
1215 933 1320 976 ignari

939 985 1088 1017 Sanctum
1111 983 1258 1015 Maurum
1282 978 1447 1012 verberari

937 1032 982 1064 Et
1004 1031 1169 1063 tormentis
1194 1028 1297 1061 saevis
1324 1027 1404 1062 duri,

940 1078 1015 1110 Post
1038 1079 1195 1109 tormenta
1221 1074 1382 1108 decollari.

881 1137 913 1168 7.
936 1134 1001 1167 Hic
1023 1135 1144 1165 athleta
1166 1132 1228 1164 Dei
1252 1130 1346 1162 sortis

938 1181 1008 1214 Non
1035 1180 1142 1220 effugit
1165 1180 1247 1210 ictus
1271 1178 1392 1217 mortis,

938 1229 998 1261 Sed
1026 1230 1205 1260 sanctorum
1230 1233 1265 1257 sc
1291 1227 1469 1256 consortem

937 1275 1038 1315 Fecit,
1063 1275 1167 1307 libens
1190 1274 1267 1305 tulit
1288 1276 1434 1303 mortem.

880 1334 910 1366 8.
937 1333 1017 1365 Tota
1039 1333 1175 1364 laetetur
1198 1329 1296 1362 Istria

937 1379 982 1412 Et
1004 1388 1083 1419 prae
1108 1378 1228 1409 cunctis
1252 1377 1405 1409 Parentia

940 1426 1044 1459 Tanta
1063 1426 1186 1458 munita
1208 1427 1355 1465 patrono,

940 1473 1012 1506 Huc
1035 1474 1167 1506 advecto
1192 1472 1254 1504 Dei
1280 1472 1371 1503 dono.

602 1533 633 1564 9.
659 1530 752 1563 Doxa
775 1531 817 1562 sit
842 1531 921 1562 coeli
945 1531 1023 1562 solio

657 1577 725 1609 Deo
753 1578 840 1617 patri
864 1582 896 1610 et
915 1578 993 1616 filio,

660 1625 737 1657 Cum
766 1625 895 1664 spiritus
919 1624 1041 1657 unitate

658 1671 716 1710 Qui
739 1675 850 1712 regnat
873 1672 907 1703 in
931 1672 1084 1704 trinitate.

282 1739 367 1767 Brev,
394 1748 446 1766 ms.
465 1739 656 1766 Parentinum
683 1745 757 1764 saec.
778 1735 823 1764 1:92
865 1737 933 1764 cod.
959 1737 1049 1765 Univ.
1067 1737 1170 1764 Patav.
1197 1734 1263 1763 446.
1291 1750 1324 1753 —
1352 1734 1383 1769 1,
1409 1733 1429 1762 4
1447 1735 1509 1763 Nos

209 1779 330 1813 peccata
350 1776 451 1804 mundi
469 1777 557 1804 faece.
578 1790 613 1794 —-
635 1775 660 1808 7,
681 1773 701 1802 4
719 1775 816 1802 fehlen
835 1776 907 1802 zwei
926 1774 1040 1810 Silben3
1062 1775 1131 1803 fecit
1150 1775 1278 1811 erg-anat.

389 1886 450 1917 341.
479 1887 523 1917 De
543 1893 582 1916 ss.
602 1886 741 1924 Maximo,
756 1885 891 1925 Juliant»,
910 1885 1074 1917 Felicitate
1096 1885 1129 1917 et
1147 1885 1338 1916 Innocentio.

210 1958 240 1991 1.
266 1958 408 1989 Aurea
430 1957 525 1988 luce
549 1957 703 1988 rutilat

266 2004 369 2044 HuJ'us
394 2002 469 2035 festi
492 2004 704 2043 praeconium,

270 2051 335 2090 Quo
361 2051 508 2091 gaudium
532 2050 733 2091 multiplic-as,

269 2098 458 2140 Christe,
483 2098 727 2138 redemptor
748 2108 825 2131 om-

601 2147 720 2177 nium.

210 2204 241 2236 2.
267 2201 439 2234 Vexilla
463 2202 579 2242 regis
596 2202 828 2242 prodeunt,

268 2249 378 2281 Rubra
402 2252 580 2281 sanctorum
604 2250 763 2290 sanguine,

267 2296 350 2335 Quos
370 2296 490 2328 Rachel
514 2300 607 2328 vocat
629 2296 721 2339 filios,

267 2344 466 2383 Hymnum
510 2352 703 2376 canamus
740 2346 828 2385 glo—

602 2393 701 2426 riae.

886 1958 916 1990 3.
942 1955 1029 1988 Lux
1059 1960 1098 1988 et
1124 1956 1251 1988 decus
1277 1955 1508 1998 eeclesiae,

942 2003 1055 2047 Nobis,
1079 2004 1172 2036 beate
1194 2003 1346 2043 Maxime,

945 2050 1078 2083 Veniam
1102 2050 1153 2083 fer
1176 2051 1394 2091 peccaminum

943 2099 974 2131 A
998 2099 1104 2130 solis
1130 2102 1249 2130 ortus
1276 2099 1461 2131 cardine.

886 2204 918 2236 4.
945 2201 1512 2244 Pange‚lingua‚fidelium,

942 2249 1058 2282 Funde
1082 2258 1194 2290 preces
1220 2250 1263 2283 ad
1288 2251 1418 2283 aethera

944 2297 1085 2337 Juliano,
1111 2298 1164 2338 qui
1188 2299 1305 2331 meruit

946 2345 1133 2377 Aeterna
1182 2346 1349 2379 Christi
1398 2356 1480 2381 mu.-

1284 2404 1393 2427 nera
