1651 2621
742 179 783 184 —-
836 157 997 192 160-

227 262 258 294 5.
284 259 349 293 Sed
372 260 446 299 post
468 257 531 288 ista
555 256 736 294 certamina,
901 254 931 285 6.
958 250 1006 282 Sit
1028 249 1090 280 iste
1113 246 1205 279 nobis
1227 242 1376 297 precibus

287 307 409 346 Dignus
436 307 565 344 captare
586 303 737 343 praemia,
958 296 1152 336 Suffragator
1175 299 1376 344 praecipuus,

286 354 427 385 Necatur
451 361 470 383 a
495 350 675 382 crudelibus
959 345 1024 383 Quo
1049 350 1225 375 mereamur
1249 337 1389 371 coetibus

285 399 441 432 Mausolei
468 398 650 430 cultoribus.
961 391 1057 432 Jungi
1080 390 1208 422 tandem
1234 384 1432 419 coelestibus,

610 475 640 505 7.
667 472 752 504 Laus
778 473 809 502 et
832 468 979 509 perennis
1004 466 1108 506 gloria

668 519 737 551 Deo
762 517 848 558 patri
873 519 903 547 et
926 514 1002 551 filio,

669 566 784 598 Sancto
809 563 902 595 simul
925 560 1080 602 paraclito

667 613 705 644 111
730 611 922 643 saeculorum
948 608 1083 640 saecula.

299 700 401 734 Propr.
428 706 481 724 ms.
501 698 682 724 Nor-ariense
710 704 784 723 saec.
813 693 856 721 17.
897 693 965 721 Cod.
986 691 1158 719 Casanaten.
1178 688 1235 716 XX
1253 688 1285 715 Π
1303 685 1343 732 31·
1359 683 1464 731 (1ξ59).
1485 699 1522 703 -

227 738 274 764 Da
295 737 345 764 der
365 736 499 771 Hymnus
519 734 576 761 den
593 733 745 761 Eindruck
766 734 844 760 eines
865 732 975 758 alteren
987 728 1093 758 Liedes
1112 727 1218 760 maeht‚
1238 726 1316 754 habe
1334 725 1383 753 ich
1401 724 1455 751 lhn
1470 732 1522 750 un-

229 775 360 802 erachtet
379 774 430 800 der
449 773 552 808 spfiten
573 771 675 805 Quelle
696 771 925 806 ausgenommen.

638 908 697 939 271.
717 908 762 939 De
781 908 887 939 saneto
908 905 1111 947 Leodegario.

739 993 788 1022 Ad
807 993 998 1023 Nocturnum.

227 1077 258 1107 1.
284 1075 347 1107 Hic
370 1075 420 1105 vir
444 1080 518 1104 vere
542 1072 767 1113 sanctissimus,
899 1073 931 1103 4.
955 1070 1011 1109 Te,
1037 1072 1160 1109 martyr
1185 1069 1316 1108 Christi,
1341 1067 1512 1107 poscimus,

284 1122 343 1161 Qui
366 1120 431 1153 fide
457 1119 574 1152 Christi
596 1119 759 1157 praeditus
957 1116 1146 1157 Leodegari,
1172 1116 1321 1156 petimus,

284 1168 374 1200 Colla
397 1166 544 1199 submisit
566 1166 672 1197 manui
958 1164 1005 1197 Ut
1029 1163 1153 1194 veniam
1174 1162 1381 1202 poscentibus

283 1214 478 1247 Gladiatoris
501 1213 602 1252 impii.
958 1210 1036 1242 Tuis
1059 1211 1212 1250 implores
1235 1209 1395 1249 precibus.

225 1293 256 1324 2.
283 1291 377 1323 Hunc
404 1290 609 1328 deprecantes
635 1296 830 1330 quaesumuS,
904 1288 935 1321 5.
960 1287 1005 1319 Ut
1030 1286 1084 1327 qui
1108 1289 1288 1318 sanctorum
1313 1286 1437 1318 meritis

285 1338 352 1370 Nos
376 1338 503 1369 tueatur
526 1335 686 1375 precibus,
960 1334 1077 1367 Unitus
1103 1342 1172 1365 esse
1195 1334 1348 1374 nosceris,

287 1385 347 1423 Qui
371 1383 554 1423 sanguinem
577 1391 636 1422 pro
661 1382 772 1414 ovibus
962 1381 1055 1414 Vitae
1079 1381 1229 1421 perennis
1252 1381 1371 1421 gaudia

285 1433 399 1465 Pastor
426 1430 515 1462 dedit
539 1429 692 1470 egregius.
962 1429 1062 1461 Nobis
1087 1429 1250 1469 precando
1276 1427 1432 1461 conferas.

226 1509 257 1541 3.
281 1507 401 1539 Exoret
425 1506 495 1545 ipse
518 1505 677 1548 precibus,
905 1507 936 1538 6.
962 1505 1008 1537 Et
1031 1506 1084 1545 qui
1109 1505 1285 1545 conjunctis
1309 1505 1459 1537 laudibus

285 1554 430 1587 Christus
454 1552 601 1584 intendat
622 1550 760 1592 fletibus,
963 1553 1012 1584 Te
1035 1553 1204 1584 recolendo
1231 1553 1383 1593 canimus,

283 1601 435 1633 Nostrum
459 1602 581 1631 reatum
607 1599 730 1631 diluens
965 1600 1042 1631 Tuis
1066 1600 1201 1631 sacratis
1225 1600 1375 1639 precibus

284 1649 328 1680 Et
352 1657 410 1679 nos
435 1646 474 1678 ab
502 1647 594 1678 hoste
616 1647 769 1679 muniens.
965 1647 1033 1678 Nos
1056 1648 1169 1687 jungas
1193 1648 1225 1678 in
1255 1648 1457 1680 coelestibus.

306 1733 388 1760 Brev.
408 1739 460 1757 ms,
482 1730 511 1758 S.
534 1730 640 1758 Gratae
654 1731 824 1767 Pei-gamen.
845 1739 922 1758 saec.
937 1729 1011 1759 ¹5¹1e.
1042 1731 1110 1759 Cod.
1125 1733 1311 1760 Ambrosiam.
1325 1733 1351 1759 T
1364 1730 1402 1760 43
1416 1741 1479 1769 sup.
1494 1747 1533 1751 —

232 1773 258 1804 ζ’,
280 1768 297 1798 3
319 1770 415 1798 fehlen
435 1769 497 1796 drei
520 1769 637 1802 Silbem
661 1770 832 1805 sanguinem
855 1770 981 1804 ergfinzt.

626 1908 692 1938 272.
722 1908 766 1939 De
786 1916 810 1939 s.
830 1908 930 1939 Leone
953 1908 1125 1940 Catanensi.

769 1985 816 2014 Ad
835 1985 991 2022 Vesperas.

518 2065 551 2097 1.
577 2064 740 2096 Mentibus
764 2065 857 2096 laetis
881 2064 976 2096 hodic
1001 2074 1149 2097 canamus

576 2111 737 2143 Praesulis
764 2112 829 2144 divi
856 2112 987 2144 Catinae
1010 2114 1128 2145 Leonis

574 2159 683 2197 Festa,
710 2168 790 2198 quae
813 2160 916 2190 nostri
942 2160 1067 2192 coluere
1091 2163 1200 2200 patres

622 2205 786 2237 Laudibus
811 2207 912 2238 almis.

521 2283 554 2313 2.
581 2281 639 2319 Qui
663 2290 754 2312 sacer
775 2282 887 2321 primis
912 2283 1112 2314 venerandus
1137 2283 1227 2316 annis

578 2328 721 2360 PatrIam
744 2329 890 2368 linquens
914 2329 1027 2361 merito
1051 2330 1189 2369 replevit

580 2375 679 2407 Italas
702 2375 809 2417 urbes,
835 2375 929 2406 simul
953 2378 986 2407 et
1008 2376 1139 2411 Sicanas

626 2421 761 2453 Nomine
784 2430 885 2453 sacro.
