1651 2621
682 80 937 117 —218—

573 195 638 226 369.
666 195 701 226 In
722 193 924 225 conversione
944 199 968 222 s.
987 189 1088 222 Pauli.

703 261 752 291 Ad
770 260 925 298 Vesperas.

170 336 201 369 1,
228 332 334 365 Sancti
359 333 451 365 Pauli
475 333 636 364 conversio
843 332 874 363 5.
900 328 1012 361 Saulus
1037 326 1202 366 respondit
1224 324 1388 366 protinus:

230 381 305 413 Cum
326 380 427 420 jubilo
449 384 625 418 veneretur,
900 376 974 415 Quis
1001 384 1043 414 es,
1070 374 1122 414 qui
1145 373 1192 405 ita
1216 372 1347 405 coelitus

228 427 337 460 Totam
361 428 523 459 illustrans
548 427 706 460 saeculum
900 421 1078 463 Loqueris?
1102 421 1181 453 mihi
1205 419 1303 461 aperi,

228 474 291 507 Per
314 475 434 515 gratiae
458 474 653 506 miraculum.
898 471 944 504 Er.
965 479 1034 502 sum
1057 470 1188 509 paratus
1213 467 1354 506 obsequi.

172 534 203 564 2.
228 531 292 565 Hic
314 531 439 563 Domini
466 530 636 570 discipulos
845 531 875 562 6.
900 528 1054 568 ChristuS,
1079 525 1191 566 inquit,
1216 533 1283 556 sum
1308 522 1454 563 floridus,

232 578 382 618 Acceptis
408 587 475 609 oum
503 578 643 618 epistolis
900 575 950 607 Tu
972 583 1048 606 vero
1071 572 1165 604 nimis
1188 571 1334 613 stolidus,

230 626 340 665 Pergit
362 624 550 657 Damascum
575 625 708 665 insequi,
903 621 961 660 Qui
984 629 1053 653 mea
1079 619 1219 652 membra
1244 618 1397 657 caederis,

231 673 366 705 Caedem
391 672 538 704 minando
563 670 686 705 fortius=
901 669 955 701 Ad
979 676 1112 708 poenam
1137 669 1172 698 tu
1196 665 1407 707 prosequeris,

175 730 204 762 3.
233 728 374 760 Christus
399 729 490 760 adest
511 728 663 759 terribilis
846 728 876 760 7.
902 726 964 759 Pro
988 724 1078 757 nobis
1103 724 1171 763 regi
1195 723 1324 765 gloriae,

230 775 346 815 Magno
371 775 541 815 splendore
563 775 700 814 luminis,
905 772 963 811 Qui
985 775 1018 804 te
1042 771 1181 803 sacravit
1203 770 1308 808 hodie,

231 823 283 855 Ad
307 826 423 854 terram
447 823 531 854 hunc
556 822 725 862 projiciens
902 819 1018 852 Preces
1043 818 1169 850 effunde
1187 817 1315 858 Jugiter,

230 869 378 909 Duraque
403 877 480 901 voce
502 870 680 909 alloquens:
904 867 951 900 Te
974 875 1120 907 rogamus
1144 865 1342 904 suppliciter.

174 928 205 958 4.
232 926 333 963 Saule,
360 934 414 956 cur
438 934 488 956 me
511 922 733 964 persequeris?
849 924 879 956 8.
905 922 1051 955 Praestet
1070 922 1132 953 hoc
1155 921 1246 952 nobis
1271 921 1408 959 trinitas,

233 973 405 1006 calcitrare
428 982 490 1004 non
515 972 634 1011 poteris
907 970 991 1001 Vera
1016 971 1048 1001 et
1071 968 1206 1008 simplex
1230 968 1346 1010 unitas,

231 1019 336 1051 Meum
360 1019 511 1050 adversus
535 1018 705 1057 stimulum,
907 1016 993 1054 Quae
1015 1016 1149 1049 Paulum
1172 1024 1231 1047 sua,
1254 1015 1359 1054 gratia

233 1066 291 1104 Qui
315 1075 382 1097 sum
405 1069 491 1098 tutor
513 1064 664 1097 fidelium.
905 1063 1043 1103 Dignum
1067 1062 1145 1094 fecit
1169 1065 1202 1093 et
1224 1062 1336 1102 gloria.

248 1149 355 1183 Hymn.
382 1157 434 1175 ms.
461 1148 489 1176 S.
517 1147 715 1175 Scholasticae
741 1148 874 1175 casinen.
899 1154 974 1174 saec.
996 1145 1040 1174 15.
1084 1145 1151 1173 Cod.
1178 1145 1311 1173 Casinen.
1338 1142 1403 1172 869.
1431 1159 1468 1163 —

175 1185 200 1219 2,
224 1186 237 1214 1
259 1186 427 1222 discipulus.
447 1200 483 1205 —-
503 1183 529 1219 2,
550 1183 568 1213 3
588 1185 763 1213 Damascum
781 1187 813 1213 in
832 1186 902 1212 suis.
922 1199 959 1202 —
976 1184 1002 1218 ’7,
1025 1183 1039 1212 1
1062 1185 1148 1220 regis.

558 1341 622 1372 370.
651 1341 686 1372 In
707 1340 911 1373 conversione
934 1348 957 1370 s.
977 1339 1077 1371 Pauli.

692 1417 740 1447 Ad
758 1417 947 1447 Nocturnum.

176 1498 205 1529 1.
235 1496 348 1528 Paulus
373 1499 550 1535 prostratus
574 1496 685 1536 limite,
849 1498 879 1535 5„
906 1495 1050 1529 Christus
1074 1495 1194 1535 inquit:
1220 1504 1262 1526 ne
1285 1495 1408 1533 timeas,

234 1543 429 1575 Sustentatus
455 1552 474 1574 a
499 1543 611 1574 comite
903 1543 969 1575 Vas
995 1543 1128 1573 electum
1152 1542 1322 1582 intelligas,

231 1591 336 1622 Intrat
361 1589 548 1621 Damascum
581 1590 679 1620 oculis
904 1589 951 1622 Ut
974 1587 1057 1621 ferat
1082 1598 1186 1621 coram
1211 1589 1336 1630 regibus

234 1637 366 1668 Amissis
394 1636 464 1668 luce
486 1636 621 1667 luminiS.
904 1636 1027 1668 Nomen
1050 1644 1152 1667 meum
1178 1640 1209 1667 et
1233 1637 1387 1677 gentibus.

176 1694 208 1725 2.
233 1692 299 1725 Ubi
323 1693 444 1724 dierum
469 1692 586 1724 circulo
848 1694 879 1726 6.
906 1693 1001 1725 Saule
1026 1690 1137 1735 frater,
1165 1692 1339 1733 discipulus

234 1739 342 1771 Trium
372 1739 439 1770 visu
464 1742 495 1771 et
518 1739 633 1778 pabulo
907 1740 1022 1782 Inquit,
1049 1748 1104 1780 ego
1130 1749 1199 1772 sum
1222 1741 1360 1782 nuntius,

234 1786 380 1818 Privatur
405 1789 437 1817 et
461 1785 497 1818 fit
518 1786 652 1827 sobrius,
906 1788 944 1818 In
968 1787 1021 1818 via
1045 1788 1097 1826 qui
1121 1789 1268 1827 apparuit

234 1833 359 1866 Goelum
386 1842 516 1865 cernens
540 1833 696 1866 subtilius.
906 1833 951 1866 Et
974 1834 1033 1865 tibi
1057 1834 1161 1867 lumen
1187 1835 1323 1867 sustulit.

176 1891 206 1922 3.
233 1889 328 1922 Videt
354 1889 490 1921 divinum
515 1889 666 1929 nuntium,
850 1892 880 1925 7.
906 1892 1085 1929 Precamur,
1111 1894 1202 1931 pater
1226 1893 1354 1932 optime,

232 1937 388 1969 Ananiam
414 1936 611 1977 discipulum,
906 1939 1022 1970 Preces
1047 1936 1145 1970 funde
1168 1940 1303 1980 assidue,

233 1983 300 2016 Sibi
327 1985 494 2016 donantem
519 1984 651 2023 gratiam
909 1985 966 2024 Qui
997 1988 1029 2016 te
1055 1985 1214 2018 doctorem
1239 1988 1376 2019 omnium

229 2031 273 2063 Et
296 2034 497 2070 peecatorum
521 2032 653 2064 veniam.
908 2032 1080 2065 Constituit
1102 2032 1254 2067 fidelium.

176 2087 207 2119 4.
233 2087 372 2118 Ananias
396 2087 577 2127 discipulus,
848 2091 880 2123 8.
906 2089 975 2121 Deo
1000 2089 1043 2120 sit
1066 2090 1125 2121 soli
1149 2090 1261 2134 gloria,

233 2133 321 2166 Sauli
344 2134 456 2165 salutis
482 2134 605 2174 dubius,
908 2136 1004 2175 Cujus
1029 2137 1249 2169 misericordia

233 2180 337 2212 Timet
360 2189 428 2212 eum
449 2182 595 2217 invisere.
906 2184 1023 2216 Paulus
1048 2186 1169 2224 recepit
1194 2186 1327 2225 gratiam

233 2227 401 2266 Suspicans
428 2237 496 2260 eum
520 2228 636 2261 furere.
904 2230 950 2263 Et
974 2236 1174 2270 peccatorum
1199 2235 1332 2267 veniam.

248 2312 356 2346 Hymn.
382 2321 434 2340 ms.
462 2313 490 2341 S.
517 2313 715 2343 Scholasticae
742 2315 877 2343 Casinen.
904 2324 979 2344 saec.
1002 2315 1045 2344 15.
1089 2317 1157 2345 Cod.
1184 2318 1318 2346 Casinen.
1345 2318 1410 2349 869.
1435 2336 1473 2341 —

173 2346 200 2383 3,
223 2348 237 2377 1
258 2350 353 2378 Deum
371 2353 513 2379 nuntium.
533 2367 571 2371 —
589 2350 615 2385 4,
637 2351 654 2379 2
675 2353 773 2381 Saulis
793 2353 890 2381 saluti.
910 2368 948 2373 -
967 2352 995 2388 4,
1015 2352 1033 2383 3
1052 2355 1144 2383 Time.
1165 2371 1201 2376 —-
1221 2356 1248 2391 7,
1269 2355 1287 2385 3
1306 2359 1435 2387 infunde.
