1651 2621
735 120 969 154 —26—.

431 216 462 248 4.
489 215 621 247 Praesul
645 217 720 255 post
743 214 844 247 factus
861 216 937 255 jura
961 215 1155 249 defendebas

489 262 533 294 Et
557 263 747 302 prohibebas
771 266 881 295 sancta
904 263 1079 306 profanari,

492 310 595 348 Quare
619 310 728 341 vexari
751 310 840 342 rabie
865 311 996 351 coepisti

535 357 747 389 Inimicorum.

431 443 463 475 5.
488 442 614 474 Meritis
638 443 751 482 plenus
775 443 922 475 mundum
950 443 1104 484 reliquisti

488 489 533 521 Et
556 490 728 522 ascendisti
754 490 891 522 culmina
914 491 1068 534 polorum,

488 536 553 569 Ubi
577 537 730 569 bonorum
755 546 835 577 quac
859 538 912 569 hic
936 539 1088 579 peregisti

534 584 670 616 Munere
693 585 821 624 gaudes.

433 671 464 702 6.
492 669 555 702 Ora
578 679 637 709 pro
661 670 762 709 nobis,
789 672 897 701 sancte
921 670 982 702 Dei
1007 669 1144 710 praesul,

487 716 532 749 Ut
556 717 673 748 mundo
700 717 788 748 exsul
813 717 943 757 quisquc
967 720 1109 749 nostrum
1134 715 1248 756 factus,

488 763 537 795 Sit,
561 764 648 803 eujus
674 766 762 795 aetus
787 764 923 804 patriam
950 764 1118 796 coelestem

532 810 728 845 Inhabitare.

430 896 460 927 7.
486 894 584 926 Modo
609 895 642 926 in
669 895 764 927 coelis
788 895 900 927 laudes
923 896 992 928 Deo
1020 894 1118 934 canis,

488 941 576 973 Patri
603 945 635 973 et:
658 944 743 981 nato,
768 940 889 973 flamini
912 942 1016 982 beato,

485 988 617 1028 Nosque
642 989 798 1020 communi
822 989 905 1021 trino
929 989 998 1021 Deo
1023 990 1076 1021 uni

532 1035 659 1068 Laudes
687 1036 838 1070 dicamus.

262 1118 347 1146 Brev.
374 1126 426 1145 ms.
452 1117 481 1145 S.
508 1118 657 1146 Ambrosii
681 1119 809 1146 Florent.
837 1119 908 1145 anni
938 1116 1019 1146 1518.
1060 1118 1129 1146 Cod.
1150 1118 1490 1146 Mediceo-Laurentian.

188 1155 276 1183 Conv.
298 1165 361 1192 sup.
383 1153 428 1183 90.

618 1304 664 1336 34.
695 1305 738 1336 De
757 1306 863 1336 sancto
886 1305 1055 1337 Ambrosio.

743 1382 791 1411 Ad
810 1382 937 1412 Laudes.

190 1453 219 1485 1.
246 1451 406 1491 Ambmsi,
434 1450 529 1482 decus
554 1451 745 1494 praesulum,

247 1499 409 1530 Memento
433 1500 576 1529 nostrum
600 1499 739 1530 exsulum

246 1548 277 1578 A
304 1545 428 1586 gaudiis
455 1545 642 1577 coelestibus

247 1593 299 1625 Ex
323 1594 409 1625 vitiis
435 1592 631 1626 scelestibus,

191 1671 221 1701 2.
248 1669 489 1701 Haereticorum
514 1668 662 1700 tenebras

249 1715 423 1749 confundis
449 1716 501 1755 qui
528 1717 559 1746 et
583 1715 732 1754 latebras,

249 1763 320 1795 Hoc
344 1764 452 1796 lucens
478 1763 598 1794 cunctis
623 1763 757 1794 saeculis

249 1810 422 1843 Doct1inae
446 1818 556 1841 sacrae
581 1810 729 1849 speculis.

191 1889 222 1920 3.
246 1886 397 1919 Docendo
422 1887 537 1918 multos
563 1886 698 1918 attrahis

248 1934 293 1966 Et
317 1934 528 1974 Augustinum
552 1933 701 1974 provehis

246 1982 300 2014 Ad
325 1981 466 2022 regulam
492 1981 678 2014 catholicam

248 2029 293 2060 Et
317 2030 415 2061 vitam
439 2029 656 2068 apostolicam.

870 1453 903 1485 4.
929 1450 981 1483 Ex
1006 1454 1141 1491 quatuor
1168 1450 1350 1483 doctoribus

929 1500 1014 1531 Prae
1040 1498 1160 1531 cunctis
1187 1498 1383 1530 doctioribus

927 1546 988 1578 Est
1011 1547 1081 1590 iste,
1109 1554 1201 1585 quem
1227 1546 1362 1577 ecclesia

929 1593 1088 1626 Sublimat
1110 1593 1225 1633 grandi
1250 1593 1361 1633 gloria.

895 1695 901 1701 .
930 1669 1077 1701 Solemne
1101 1667 1270 1701 artificium

928 1717 1056 1757 Peregit
1079 1724 1154 1748 nam
1179 1715 1329 1756 officium,

928 1764 972 1795 Et
996 1766 1122 1795 cantum
1147 1764 1217 1803 ipse
1242 1764 1379 1806 addidit,

929 1811 1016 1849 Quae
1042 1810 1235 1842 celebranda
1256 1811 1401 1843 tradidit.

896 1915 902 1920 .
928 1887 995 1918 Nos
1022 1895 1095 1927 ergo
1118 1886 1209 1926 juvet
1232 1886 1383 1926 precibus

929 1934 1055 1966 Divinis
1077 1935 1111 1966 in
1135 1934 1357 1974 conspectibus

928 1981 974 2014 Et
998 1984 1112 2023 purget
1134 1983 1245 2013 nostra
1270 1982 1403 2013 crimina

930 2029 1020 2061 Dans
1046 2029 1168 2070 gratiae
1188 2029 1362 2068 juvamina.

557 2106 586 2138 7.
612 2105 660 2137 Sit
684 2106 779 2146 patri,
807 2106 859 2145 qui
884 2105 1037 2145 potentia,

608 2152 654 2184 Et
675 2155 761 2193 nato,
788 2153 842 2193 qui
866 2152 1045 2192 prudentia,

609 2200 731 2240 Amori,
757 2201 809 2240 qui
836 2199 1002 2232 clementia

608 2247 702 2279 Hune
726 2248 820 2288 rexit,
846 2255 962 2287 perpes
988 2246 1099 2286 gloria.

266 2332 349 2359 Brev.
377 2338 429 2358 ms.
451 2328 479 2356 S.
501 2330 649 2359 Ambrosii
670 2332 834 2359 Florentini
854 2332 924 2358 anni
946 2328 1027 2358 1518.
1068 2329 1137 2358 eod.
1156 2331 1497 2363 Mediceo-Laurentian.

192 2371 281 2398 Conv.
310 2378 373 2404 sup.
406 2366 451 2395 90.
481 2383 517 2387 —
542 2367 576 2403 4,
599 2367 614 2396 1
638 2369 687 2397 Ex
711 2372 835 2404 quatuor
860 2369 1055 2397 doctionibus.
1083 2383 1120 2388 —
1144 2367 1175 2403 4,
1197 2367 1215 2396 2
1241 2370 1365 2399 Precum
1386 2374 1498 2401 cunctis

190 2408 383 2436 dot-tionibus.
