1651 2621
702 99 958 137 -134—

444 200 475 232 4.
504 200 528 232 Ο
554 199 656 230 virum
679 198 800 238 magnis
825 196 944 228 meritis
970 196 1146 234 micantem,

497 247 621 287 Nempe
643 244 838 277 flammarum
863 244 966 276 medio
991 251 1177 283 progressus

499 294 624 333 Sospite
650 294 737 325 crine
761 292 853 324 simul
874 294 969 332 atque
992 290 1096 323 salvos

548 340 654 373 Gessit
678 340 820 373 amictus.

444 400 474 430 5.
502 398 631 430 Ceteros
656 398 781 429 sanctos
801 395 872 436 pius
896 397 932 427 ut
955 395 1106 435 magister

499 444 667 482 Admonet,
693 452 799 476 secum
823 443 945 475 validos
970 443 1125 473 minarum

500 493 581 524 Esse
602 493 737 524 victores
760 490 949 531 penitusque
972 497 1082 521 saevas

547 538 702 571 Temnere
725 546 852 578 poenas.

443 596 472 627 6.
500 595 570 627 Non
595 594 655 626 tibi
679 594 811 626 mordax
836 593 940 625 rabies
965 592 1105 624 ferarum

502 642 621 673 Vulnus
646 640 770 683 inflixit,
796 640 933 673 salubris
958 639 1118 680 sacerdos,

501 688 563 720 Sed
588 689 650 720 tuis
673 688 797 720 belluae
821 688 961 719 tribuere
984 686 1075 719 mites

548 735 663 767 Oscula
685 735 814 775 plantis.

446 793 475 823 7.
503 791 643 824 Gloriam
668 791 752 830 patri
776 799 957 822 resonemus
982 799 1089 822 omnes

501 838 545 870 Et
569 839 637 878 tibi,
665 838 798 877 Christe,
824 838 929 878 genite
953 846 1099 880 superne,

503 886 579 918 Cum
605 884 716 925 quibus
741 888 867 916 sanctus
893 885 985 917 simul
1011 889 1042 916 et
1068 887 1191 916 creator

548 931 685 971 Spiritus
710 935 831 971 regnat.

256 1017 363 1050 l-Iymn.
391 1025 443 1043 ms.
462 1015 674 1052 Neapolitanus
700 1023 774 1043 saec.
795 1013 869 1042 ¹3l14.
911 1014 978 1042 Ood.
999 1016 1185 1051 Neapolitan.
1205 1016 1248 1043 VI
1269 1016 1295 1044 Gr
1321 1014 1367 1044 29.
1388 1017 1422 1044 A.
1443 1032 1482 1036 ——

181 1055 283 1090 Propr.
303 1054 528 1089 Neapolitanum
552 1054 620 1089 imp.
642 1053 766 1089 Neapoli
792 1050 872 1080 1525.
894 1052 927 1079 Β.
952 1067 987 1071 —
1013 1053 1040 1086 1,
1069 1052 1086 1080 2
1105 1055 1153 1082 Da
1178 1056 1238 1081 tuis
1265 1056 1357 1082 tectos
1382 1055 1482 1082 varios

181 1093 214 1156 ξ.
234 1105 273 1148 Ξ
291 1106 318 1163 ἔξ
338 1090 357 1155 ξ
376 1092 528 1156 gilizffin}
532 1091 563 1118 B
586 1106 618 1110 —
642 1089 670 1124 4,
692 1090 706 1118 1
730 1091 786 1124 Qui
806 1093 885 1117 tuum
907 1093 1020 1126 magnis
1042 1093 1152 1119 meritis
1173 1092 1207 1119 A.
1231 1106 1265 1110 -—
1284 1091 1312 1127 5,
1332 1091 1352 1119 4
1370 1094 1483 1121 Tenere

611 1266 677 1297 225.
707 1267 750 1298 De
769 1267 874 1298 sancto
898 1267 1058 1299 Januario.

734 1351 782 1380 Ad
801 1352 927 1383 Laudes.

407 1430 436 1462 1.
462 1430 575 1461 Pastor
597 1429 730 1470 insignis
756 1429 903 1463 faciendo
928 1432 1019 1471 signa

466 1477 518 1508 Ad
542 1476 603 1508 Dei
629 1477 745 1508 cultum
768 1476 907 1517 fideique
930 1478 1033 1511 lucem

465 1523 578 1555 Traxit
602 1524 726 1556 omnino
751 1525 891 1556 tenebris
916 1526 1063 1558 subactos

512 1570 604 1602 Milia
629 1571 775 1610 quinque.

411 1628 441 1658 2.
470 1625 528 1663 Qui
551 1626 643 1658 nimis
669 1635 778 1659 caesus
803 1627 930 1660 feritate
955 1638 1068 1661 nervos

468 1671 590 1704 Collum
612 1675 775 1713 praecisus
801 1675 995 1716 digitumque
1018 1676 1098 1708 felix

468 1719 584 1751 Munus
609 1721 740 1753 antistes
764 1722 890 1753 habitus
913 1725 1030 1755 sacrati

515 1767 629 1798 Tradit
653 1776 760 1807 egeno.

412 1825 442 1856 3.
471 1822 545 1854 Cum
569 1824 634 1855 suis
658 1825 786 1856 tandem
811 1826 904 1858 sociis
929 1835 1099 1867 perennem

467 1869 624 1902 Deferens
647 1872 786 1911 palmam
809 1882 906 1912 super
930 1875 1040 1907 aethra
1064 1876 1198 1916 scandit,

467 1917 561 1949 Nunc
584 1917 630 1949 ibi
653 1921 786 1959 regnant
810 1920 905 1959 polici
930 1920 1070 1954 fruentes

515 1964 650 1996 Lumine
672 1967 765 2006 regis.

409 2022 441 2053 4.
466 2020 548 2052 Inde
571 2021 723 2052 virtutum
747 2022 847 2054 radiis
872 2022 1032 2064 refulgens

468 2067 554 2099 Hinc
574 2068 787 2108 triumphator
813 2071 951 2103 cumulos
977 2073 1119 2104 volantes

468 2115 555 2156 lgnis
581 2115 731 2147 exstinxit
754 2118 891 2155 patriam
915 2117 1096 2158 gubernans

518 2162 648 2194 Scilicet
669 2163 773 2195 istam.

412 2221 442 2252 5.
468 2219 513 2250 Et
537 2219 606 2259 tibi,
636 2222 747 2261 mater,
773 2221 953 2253 miserando
978 2222 1110 2263 prolem,

467 2266 547 2306 Ejus
572 2276 738 2307 assurgens
763 2267 920 2309 precibus,
946 2270 1086 2302 revinxit

467 2313 510 2345 Et
535 2314 594 2346 tibi
620 2316 755 2348 clemens
776 2316 905 2356 laqueos
931 2318 1063 2350 resolvit

516 2362 633 2395 'Mortis
659 2364 805 2396 acerbae.
