1651 2621
666 131 707 136 »-
758 106 920 145 284-

344 211 374 243 2.
400 207 555 250 Despexit
578 208 727 241 mundum
749 206 911 240 obscoenis
936 214 1006 238 011111
1030 201 1167 247 pompis,

398 257 444 292 Ut
472 257 582 289 summi
606 256 687 297 regis
713 256 859 296 dogmata
881 253 1056 295 requirens,

399 307 438 339 Ι11
462 304 579 344 templo
604 303 665 335 Dei
687 308 723 335 ut
745 304 875 335 lucerna
899 301 1024 342 fulgens

447 351 578 391 Semper
602 351 740 383 arderet.

345 411 376 443 3.
402 407 557 449 Affligens
583 416 696 448 corpus
718 409 806 439 veste
831 407 958 438 cilicina

401 455 581 497 Frangebat
605 463 718 494 panem
741 454 874 495 pauperi
898 454 1055 493 mendico,

403 503 450 537 Ut
472 506 646 534 mereretur
671 502 800 534 cuilibet
823 500 945 542 potenti

450 549 536 582 Fieri
561 559 679 582 norma.

349 607 381 639 4.
407 606 484 639 Tam
509 605 610 637 saneti
633 605 734 645 patris
760 605 855 636 vitam
879 603 1047 642 imitemur,

406 653 453 687 Ut
474 662 532 694 per
557 653 701 693 exempla
724 653 791 692 ejus
816 651 996 692 gradientes

403 699 474 732 Non
500 700 606 732 demus
630 700 731 732 locum
756 697 889 731 falsitati
913 706 1047 738 nequam

447 746 567 780 Perfidi
589 747 699 779 hostis.

347 805 380 837 5.
404 804 586 837 Fundamus
610 811 720 843 preces
745 803 890 845 Domino,
918 801 1036 842 dilecti,

403 851 448 884 Ut
471 859 527 883 1105
553 850 687 883 caducos
713 851 864 882 caecitate
888 849 1002 881 mentis

402 898 474 930 Non
497 897 582 930 sinat
603 898 677 929 ullis
700 897 793 937 hujus
817 898 998 929 interventu

450 944 580 977 Concuti
600 944 721 985 poeniS.

350 1002 382 1034 6.
404 1000 496 1033 Doxa
520 1001 666 1040 perennis
692 1001 735 1032 sit
758 1003 885 1033 aeterno
907 999 994 1040 patri

400 1047 542 1088 Ejus-que
565 1050 639 1080 nato
663 1047 764 1080 virtus
789 1056 827 1079 ae
848 1048 1000 1089 potestas,

400 1095 563 1127 Pneumati
587 1098 706 1134 saneto,
736 1094 818 1135 quod
844 1094 968 1134 utrique
993 1103 1120 1134 compar

445 1141 568 1182 Regnat
590 1142 623 1174 in
647 1150 734 1175 00110.

228 1207 311 1234 BreV.
331 1214 383 1234 ms.
402 1206 603 1234 Placentinum
623 1214 697 1234 saec.
720 1204 763 1234 14.
794 1206 863 1234 Cod.
885 1206 980 1241 Capit.
1000 1206 1130 1234 Placent.
1153 1205 1196 1235 18.
1210 1221 1248 1226 —
1264 1205 1291 1241 3,
1306 1205 1321 1234 1
1343 1216 1448 1244 eorpus

153 1253 190 1273 ve
207 1245 332 1272 cilicina.
351 1258 389 1264 ·—
408 1242 435 1279 6,
455 1241 474 1271 3
492 1245 595 1272 saneti.

588 1317 655 1348 482.
685 1316 727 1348 De
747 1318 853 1348 saneto
873 1316 1011 1348 Victore.

700 1375 747 1404 Ad
766 1373 893 1405 Laudes.

157 1435 187 1467 1.
211 1434 304 1473 Eece,
332 1433 398 1466 11105
423 1433 508 1465 clara
824 1436 857 1467 4.
883 1434 985 1474 HuJus
1010 1434 1084 1467 almi
1108 1436 1209 1475 patris

214 1479 341 1513 Confert
364 1480 453 1512 nobis
477 1481 567 1524 dona,
883 1482 989 1515 Vitam
1014 1483 1096 1514 sacri
1120 1485 1217 1515 moris

213 1527 250 1559 In
274 1536 335 1567 qua
358 1527 467 1560 Victor
491 1527 609 1559 eoelum
884 1528 1055 1569 sectemur,
1080 1533 1116 1561 ut
1140 1531 1233 1563 velox

214 1574 345 1606 8011111111
366 1577 471 1606 mente
497 1583 585 1614 pura.
886 1576 982 1607 Adsit
1003 1576 1095 1608 nobis
1120 1580 1237 1611 eustos.

160 1632 190 1664 2,
215 1630 373 1669 Linquens
399 1639 510 1669 corpus
536 1632 640 1663 terrae
828 1632 859 1663 5.
884 1631 976 1663 Felix
1001 1636 1109 1665 sancte
1133 1633 1253 1674 Victor,

216 1677 303 1710 Petis
327 1686 423 1717 regna
447 1677 539 1719 vitae,
885 1678 987 1711 Nobis
1011 1680 1055 1711 sis
1081 1680 1218 1720 adjutor,

212 1723 324 1756 Funde
347 1732 466 1764 preces,
494 1725 583 1765 alme,
885 1725 934 1757 Ne
958 1735 1015 1758 nos
1040 1726 1168 1760 damnet
1186 1729 1286 1768 judex

213 1772 259 1804 Ut
281 1771 371 1810 plebs
396 1773 502 1804 cantet
522 1772 656 1805 laudem.
885 1773 923 1805 In
949 1773 1000 1805 die
1025 1774 1193 1809 vindictae.

156 1829 188 1862 3.
213 1828 354 1868 Praesta,
379 1827 514 1867 Christe,
538 1828 630 1860 nobis
828 1831 858 1863 6.
885 1829 1011 1862 Summo
1036 1832 1120 1871 patri
1144 1832 1250 1873 decus,

212 1875 258 1908 Ut
279 1872 407 1906 fleamus
428 1874 539 1914 culpis,
886 1877 964 1916 Ejus
990 1882 1064 1910 nato
1089 1881 1199 1924 virtus,

213 1921 321 1953 Scelus
344 1925 485 1954 nostrum
508 1921 628 1964 frange,
886 1923 1019 1964 Spiritui
1042 1926 1124 1959 almo

212 1968 320 2001 Nostri
344 1969 502 2003 miserere.
886 1972 996 2004 Honor
1018 1975 1049 2005 et
1072 1978 1222 2014 potestas.

228 2034 311 2061 Brev.
332 2042 383 2061 ms.
403 2034 604 2074 Placentinum
624 2042 698 2062 sace.
721 2033 764 2063 14.
804 2036 873 2064 Cod.
895 2037 987 2074 Capit.
1007 2039 1168 2068 Placentin.
1192 2038 1234 2069 18.
1257 2057 1291 2061 -—

572 2117 638 2149 483.
672 2117 716 2149 De
734 2120 841 2150 saneto
862 2119 1031 2153 Vincentio.

688 2176 736 2206 Ati
754 2175 913 2215 Vesperas.

160 2233 191 2267 1.
214 2232 366 2265 Laetetur
391 2234 469 2266 coeli
489 2234 586 2276 regio,
830 2239 860 2270 2.
885 2238 1043 2272 Vincentii
1067 2241 1231 2276 victoriam

214 2280 308 2312 Plebs
333 2281 463 2320 hymnos
489 2285 601 2314 cuneta
624 2288 758 2325 resonet,
888 2286 1006 2319 Narret
1030 2289 1131 2321 omnis
1156 2291 1290 2324 ecclesia

214 2326 382 2360 Solvantur
406 2338 462 2361 ora
485 2329 642 2373 laudibus,
886 2333 1030 2375 Ejusque
1052 2337 1096 2368 sit
1118 2317 1304 2380 martyr-iuni

218 2374 319 2407 Corda
343 2376 496 2408 resultent
519 2378 676 2418 precibus.
887 2381 987 2415 Nobis
1012 2384 1151 2417 solemne
1176 2388 1343 2423 canticum.
