1651 2621
698 121 956 157 *143*-

560 215 626 246 239.
659 215 703 247 De
724 224 749 247 s.
770 215 910 247 Johannc
932 214 1106 247 Gualberto.

699 283 748 313 Ad
767 283 958 314 Nocturnum.

176 351 208 384 1.
239 351 332 384 Cives
358 351 519 384 exsultant
545 352 666 392 coelici,
863 354 893 386 4.
921 351 984 385 Hic
1007 360 1141 392 namque
1165 352 1257 391 pater
1281 349 1404 390 genitus

237 399 448 439 Apostolique
473 401 630 439 martyres
920 399 957 432 In
983 399 1127 440 partibus
1151 398 1302 431 Etruriae

233 446 279 478 Et
302 447 530 487 prophetarum
557 448 648 479 cunei
922 446 1105 479 Florentiae
1129 445 1287 478 nobilibus

237 494 315 527 Cum
341 493 483 526 coetibus
506 494 668 534 angelicis.
919 493 964 526 Et
987 494 1127 526 moribus
1153 496 1185 524 et
1209 501 1332 533 genere.

201 575 209 583 .
236 551 485 583 Solemnizantes
511 552 631 591 jugiter
861 554 891 584 5.
918 550 1092 591 Religionis
1117 549 1279 589 ambitum,

236 599 300 631 Pro
325 599 428 638 patris
453 599 529 630 almi
552 599 664 639 gloria,
919 598 1005 637 Quae
1029 598 1130 638 viguit
1156 597 1188 629 in
1212 595 1367 637 patribus,

241 646 406 685 5011011015,
432 646 485 685 qui
510 645 646 685 adeptus
671 651 721 678 est
919 645 1099 678 Renovavit
1118 645 1152 676 in
1177 644 1347 684 pristinum

237 694 379 725 Aeterna
405 693 485 725 coeli
508 693 635 733 gaudia.
923 692 999 725 Oum
1025 693 1122 733 signis
1149 694 1181 724 et
1206 691 1386 724 virtutibus.

203 776 210 784 .
238 750 334 789 Cuius
358 759 483 781 morum
505 750 652 790 insignia,
861 751 893 783 6.
917 749 976 793 Tu,
1003 751 1095 788 pater
1119 750 1210 792 alme,
1236 750 1366 788 protege

240 798 373 830 Sacrata
397 796 478 829 fides
505 797 680 838 celebrans,
921 797 1096 837 Religionis
1121 797 1283 837 gremium,

237 844 393 877 Novellae
416 844 517 884 prolis
542 853 599 876 nos
624 843 723 876 fetum
924 845 1010 883 Quae
1033 843 1147 876 floreat
1173 852 1241 875 cum
1265 842 1421 875 fructibus

239 893 401 924 Perducat
425 892 467 924 ad
494 891 652 926 coelestia.
921 891 967 924 Ut
991 891 1093 923 lilium
1119 890 1318 923 convallium.

257 957 342 985 Brev.
369 965 422 985 ms.
442 957 720 985 Vallumbrosanum
743 965 818 985 saec.
842 954 885 984 15.
927 955 995 984 Cod.
1015 956 1204 984 Laurentian.
1229 955 1317 983 Conv.
1339 964 1402 991 sup.
1423 953 1487 983 547.

562 1048 632 1079 240.
665 1048 707 1080 De
727 1056 750 1079 s.
771 1048 911 1081 Joliannc
930 1048 1107 1080 Gualbcrto.

740 1115 789 1145 Ad
808 1115 936 1145 Laudes.

208 1214 214 1220 .
242 1186 306 1218 Hic
332 1194 501 1217 coruscans
525 1185 686 1216 miraculis
867 1186 898 1218 3.
927 1184 1003 1217 Cum
1028 1184 1152 1224 hymnis
1178 1192 1251 1224 ergo
1276 1183 1418 1223 mysticis

242 1233 409 1265 Novellam
435 1234 468 1264 in
494 1232 690 1264 convallibus
924 1232 969 1264 Et
989 1231 1100 1271 Jubilis
1127 1231 1307 1263 coelestium

240 1281 384 1313 Instituit
408 1283 439 1311 et
463 1280 638 1319 plantulam
927 1280 1046 1319 Jungat
1072 1278 1175 1310 choris
1201 1278 1376 1318 serapliicis

242 1327 359 1369 Opacis
386 1327 639 1359 charismatibus.
924 1325 992 1358 Nos
1017 1335 1153 1367 regnans
1177 1326 1211 1357 in
1235 1328 1433 1365 perpetuum.

211 1412 219 1418 .
243 1384 425 1417 Felicitatis
452 1385 609 1416 cumulum
868 1386 899 1416 4.
929 1382 1039 1415 Gloria
1062 1383 1148 1423 patri
1171 1382 1318 1422 Domino,

245 1432 404 1472 Princeps
428 1433 461 1464 in
488 1432 562 1464 aula
584 1432 675 1471 regia
926 1429 1011 1462 Nato
1036 1433 1131 1469 atque
1153 1430 1320 1473 paraclito,

242 1480 391 1520 Adeptus
410 1483 459 1511 est
483 1480 517 1511 in
541 1478 698 1519 partibuS,
927 1478 994 1509 Nos
1018 1477 1113 1517 hujus
1136 1479 1240 1509 sancti
1263 1478 1375 1509 merito

244 1528 324 1560 Orat
348 1536 407 1567 pro
433 1529 543 1559 nostra
568 1526 669 1559 venia.
928 1526 1016 1558 Coeli
1041 1524 1184 1557 fmamur
1208 1525 1334 1565 gaudio.

259 1593 344 1620 Brev.
365 1600 419 1619 ms.
433 1591 713 1619 Vallumbrosanum
728 1598 803 1618 saec.
822 1588 864 1618 15.
900 1589 969 1617 (jod.
984 1590 1176 1618 Laurentian.
1191 1589 1280 1618 Oonv.
1295 1599 1358 1627 sup.
1374 1588 1438 1618 547.
1459 1605 1471 1610 —

180 1628 207 1664 2,
229 1628 248 1657 4
269 1631 329 1657 Ora
344 1639 397 1666 pro
418 1632 521 1657 nostra
540 1630 637 1656 venia.

563 1721 626 1752 241.
657 1721 700 1752 De
721 1729 745 1752 s.
767 1720 908 1752 Jollanne
930 1720 1108 1751 (inalberto.

730 1789 778 1818 Ad
801 1788 956 1826 Vesperas.

451 1862 481 1893 1.
508 1860 681 1899 Johannes‚
708 1859 830 1898 gratiae
855 1861 942 1889 ortus
969 1858 1137 1897 natalibus,

506 1907 584 1939 Flos
609 1906 782 1946 pudicitae‚
808 1905 994 1945 praeclarus
1018 1905 1168 1947 moribus,

506 1954 592 1986 Fons
618 1953 803 1995 sapientiae,
830 1953 943 1993 plenus
970 1952 1150 1993 virtutibus,

555 2001 609 2034 Fit
633 2010 744 2033 norma
767 2000 993 2040 poenitentiae.

450 2063 481 2093 2.
510 2059 534 2093 O
559 2067 611 2091 res
636 2058 801 2099 mirabilis,
828 2067 935 2090 amore
959 2057 1056 2090 nimio

508 2106 619 2142 Crucis
645 2105 791 2138 amabilis
816 2106 952 2146 ignoscit
976 2106 1049 2138 odio

506 2155 565 2188 Vir
590 2153 794 2193 venerabilis,
820 2162 879 2193 pro
906 2162 1026 2186 summo
1052 2154 1193 2193 praemio

553 2203 610 2236 Fit
634 2211 744 2234 servus
769 2201 829 2234 Dei
855 2200 992 2234 humilis

446 2263 478 2296 3.
505 2260 591 2294 Huic
617 2259 768 2292 divinitus
795 2268 873 2291 crux
897 2261 965 2291 tota
988 2257 1138 2299 flectitur,

506 2309 565 2350 Qui
591 2310 701 2340 sancto
726 2307 842 2348 spiritu
866 2309 950 2338 totus
975 2306 1138 2347 imbuitur,

510 2357 641 2390 Crucem
668 2356 802 2388 intuitus
828 2352 977 2387 reflexam
1005 2354 1148 2395 sequitur

557 2404 642 2437 Mire
666 2403 807 2444 spiratus
833 2403 975 2436 coelitus.
