1651 2621
707 117 969 154 —237—

180 217 213 249 3.
239 216 424 249 Devastatis
446 216 574 248 viciniis
882 218 914 250 7.
938 216 1133 249 Manifestus
1160 215 1324 249 obtutibus

239 262 305 297 Ubi
329 264 455 296 hostilis
481 264 607 304 gladius
943 264 1123 305 Consopitis
1149 264 1308 305 apparuit,

239 311 428 344 Surrentum
453 320 524 344 sese
546 312 691 352 contulit,
941 313 987 346 Ut
1014 316 1222 352 sequerentur
1246 312 1397 353 aemulos,

238 359 285 393 Ut
309 361 480 399 popularet
502 358 658 399 funditus,
940 359 1052 392 Sinere
1076 361 1182 391 salvos
1200 361 1334 394 monuit,

181 448 214 479 4.
241 446 298 478 Vir
323 446 455 478 Domini
480 446 638 487 Agapitus
879 449 912 481 8,
937 447 1131 487 Experrecti
1156 446 1351 479 contribules

240 493 394 525 Praeerat
418 496 495 526 tunc
519 494 749 536 magnanimus,
938 496 1055 528 Hostes
1080 498 1255 534 sequuntur
1279 494 1436 533 protinus,

239 541 358 573 Divina
381 540 483 573 fretus
508 541 611 581 gratia
938 543 1047 574 Armis
1072 542 1195 573 abrasis
1221 541 1347 581 penitus

240 588 339 621 Jubet
361 588 694 628 precari‘instantius.
938 589 1156 622 Revertuntur
1179 589 1220 621 acl
1245 589 1387 629 propria.

182 675 214 708 5.
242 674 353 706 Sancti
376 675 494 707 Renati
517 675 703 715 praeferens
883 676 913 708 9.
941 674 1035 707 Felix
1059 674 1192 714 Renate‚
1219 675 1341 706 meritis

240 722 331 753 Inter
354 721 504 754 hostilem
530 721 676 764 effigiem,
945 722 1041 754 Solve
1064 731 1163 754 nexus
1189 722 1380 762 peccaminis

241 770 339 809 Quem
365 769 426 801 visi
451 773 526 802 sunt
549 769 707 814 occidere,
943 770 1067 802 Devote
1092 769 1325 801 celebrantibus

241 817 357 849 Statim
382 825 480 849 senex
510 818 648 849 evanuit.
945 817 1006 849 Tui
1030 818 1137 850 natale
1162 817 1236 850 diei.

185 903 218 935 6.
244 902 340 934 Felix
364 902 482 943 ligatus
508 903 643 943 villicus,
874 904 928 937 10.
944 904 1078 942 Semper
1102 904 1145 935 sit
1167 904 1237 934 laus
1263 905 1296 934 et
1318 903 1423 943 gloria

244 950 290 983 Ut
313 950 510 989 plecteretur
536 951 650 990 capite,
945 950 1095 990 Gignenti
1119 952 1214 990 atque
1238 950 1342 990 genito

242 998 281 1029 In
303 997 409 1030 rivum
431 1006 587 1039 praeceps
612 998 777 1038 mergitur,
944 997 1021 1030 Cum
1047 998 1163 1036 spiritu
1185 997 1342 1037 paraclito

242 1044 359 1084 Sospes
384 1046 426 1078 ad
451 1045 564 1077 urbem
589 1045 695 1080 rediit.
942 1045 978 1077 In
1005 1045 1200 1084 sempiterna
1223 1045 1361 1077 saecula.

264 1147 376 1182 Hymn.
396 1155 449 1174 ms.
468 1148 579 1175 Renati
599 1147 766 1175 Surrentini
786 1156 861 1176 saec.
882 1146 956 1176 ¹³l14.
997 1147 1067 1175 Cocli
1086 1147 1239 1175 Barberin.
1258 1147 1312 1175 XI.
1333 1145 1397 1174 171.

604 1315 675 1347 404.
707 1315 751 1347 De
771 1316 883 1347 sancta
902 1316 1071 1356 Reparata‚

684 1392 733 1423 Ad
754 1393 842 1431 Vesp.
865 1396 894 1422 et
911 1392 999 1423 Noct.

182 1472 213 1506 1.
243 1471 369 1504 Clarum
396 1472 524 1511 puellae
547 1472 696 1503 meritum
874 1473 904 1504 3.
932 1471 996 1504 Sed
1024 1471 1187 1510 Reparata
1211 1471 1325 1503 mediis

244 1518 365 1551 Chorus
390 1522 519 1559 promat
542 1519 685 1552 fidelium
931 1518 1016 1550 Dum
1041 1519 1152 1558 psallit
1175 1519 1208 1550 in
1232 1518 1400 1558 incendiis,

243 1566 321 1599 Cum
347 1570 439 1606 septa
465 1567 570 1599 carnis
597 1567 684 1598 exuit
931 1566 1108 1598 Machaera
1130 1575 1204 1598 mox
1229 1566 1375 1598 adhibita

239 1614 285 1646 Et
309 1615 425 1646 victrix
451 1618 539 1646 astra
564 1615 667 1655 petiit.
935 1613 1091 1646 Secantur
1117 1614 1184 1654 ejus
1209 1613 1343 1647 viscera.

182 1702 214 1734 2.
241 1701 356 1734 Calcat
377 1701 512 1740 insignis
537 1700 657 1732 femina
873 1702 903 1734 4.
929 1700 1016 1733 Hinc
1040 1701 1207 1733 decalvata
1232 1700 1358 1732 ducitur

243 1747 337 1780 Nova
361 1757 534 1788 poenarum
560 1756 688 1789 genera,
931 1747 1051 1780 Christi
1075 1757 1193 1788 sponsa
1217 1756 1276 1787 per
1301 1747 1473 1788 publicum,

243 1795 438 1836 Liquescens
463 1796 629 1835 plumbum
653 1796 766 1836 tepuit,
929 1795 1001 1828 Non
1027 1799 1131 1836 turpe,
1162 1804 1225 1827 non
1250 1795 1401 1836 ignobile,

245 1842 369 1875 Camini
393 1843 441 1874 vis
470 1841 640 1877 deferbuit.
930 1842 996 1875 Sed
1022 1847 1072 1874 est
1096 1851 1214 1874 corona
1236 1842 1367 1882 gloriae.

588 1929 617 1960 5.
648 1926 759 1959 Gloria
783 1927 827 1959 sit
848 1927 989 1967 ingenito

644 1974 735 2007 Patri
758 1978 792 2006 et
814 1974 989 2015 unigenito,

641 2022 758 2055 Sancto
784 2022 878 2055 simul
903 2022 1032 2063 spiritui

641 2070 709 2103 Deo
734 2070 935 2105 indivisibili,

256 2178 367 2213 Hymn.
396 2185 451 2204 ms.
482 2176 670 2204 Florentinus
697 2183 772 2203 saec.
799 2172 843 2203 13.
894 2174 962 2203 Ood.
983 2176 1174 2203 Laurentian.
1195 2175 1290 2203 Aedil.
1320 2173 1382 2204 131.
1402 2177 1437 2203 A.
1465 2191 1501 2194 —

180 2218 268 2245 Brev.
297 2224 350 2244 ms.
370 2215 576 2244 Florentinum
604 2222 680 2242 saec.
713 2212 756 2242 14.
798 2212 867 2241 Cod.
888 2214 1079 2242 Laurentian.
1100 2213 1195 2241 Aedil.
1226 2212 1308 2241 1117.
1335 2214 1400 2242 add.
1426 2222 1502 2242 saec.

180 2253 225 2283 15.
249 2255 283 2281 B.
303 2268 341 2274 -—
362 2254 449 2282 Brev.
470 2263 524 2282 ms.
543 2253 824 2281 Vallumbrosanum
845 2261 920 2280 saec.
945 2250 988 2280 15.
1020 2251 1089 2280 Cod.
1112 2253 1302 2280 Laurentian.
1325 2254 1415 2281 Conv.
1437 2261 1501 2290 sup.

179 2291 237 2321 457
260 2293 291 2320 O.
314 2306 349 2310 —
370 2292 457 2320 Brew
478 2301 532 2320 ms.
553 2292 834 2320 vallumbrosanum
856 2299 932 2319 saec.
956 2289 999 2318 15.
1035 2290 1105 2319 Ood.
1120 2291 1313 2319 Laurentian.
1330 2291 1420 2320 Conv.
1435 2300 1499 2327 sup.

178 2330 246 2360 456,
267 2331 305 2358 D.
319 2346 357 2351 -—
379 2329 404 2363 1,
425 2329 443 2357 2
465 2329 555 2358 Ghori
574 2333 712 2366 promant
732 2330 793 2358 CD.
806 2345 846 2349 —
868 2327 893 2363 1,
913 2327 931 2358 3
952 2332 1069 2366 septum
1090 2329 1150 2358 OD.
1165 2344 1200 2349 —
1222 2327 1249 2363 2,
1272 2328 1288 2358 1
1302 2331 1406 2359 Faleat.
1419 2332 1451 2358 G.
1465 2346 1501 2350 —-

180 2368 210 2404 2,
232 2367 252 2398 4
283 2368 413 2396 caminis
444 2367 474 2396 C.
500 2382 538 2387 —-
571 2369 605 2404 3,
628 2367 646 2397 3
670 2366 791 2398 Macera
815 2377 884 2396 mox
913 2368 1062 2397 adhabita.
1091 2370 1122 2395 (ἲ.
1148 2383 1188 2388 -—-
1214 2366 1245 2402 5,
1272 2368 1292 2397 4
1315 2369 1379 2398 Deo
1410 2373 1439 2397 et
1458 2370 1502 2397 in-

178 2408 295 2437 visibili
316 2406 348 2435 G.
