1651 2621
736 107 966 141 *23*

193 200 225 233 3.
250 200 385 234 Paratas
413 200 493 234 dicit
514 202 654 242 nuptias,
882 204 913 236 6.
939 202 990 234 Sit
1013 202 1193 236 Alexandri
1217 203 1353 244 nomine,

250 249 431 282 Prudentes
459 251 555 282 vocat
574 249 724 293 virgines,
938 249 1065 282 Effectu
1089 251 1132 282 sit
1156 253 1190 282 et
1211 251 1337 290 merito,

250 296 335 329 Dum
361 295 478 340 fatuae,
506 306 587 337 quae
613 297 785 340 dormiunt,
938 297 985 330 Ut
1009 301 1114 330 mente
1139 299 1231 330 tollat
1256 298 1416 342 tenebras,

252 343 410 377 Confusae
435 343 512 376 foris
538 348 712 378 remanent.
937 346 1024 385 Quae
1047 355 1156 378 verum
1179 347 1285 378 lumen
1311 346 1471 386 detegunt.

192 402 224 435 4.
250 401 317 434 Nos
343 401 524 435 Alexandri
547 400 633 434 filiae
881 404 912 435 7.
939 402 1038 436 Urbis
1063 401 1219 443 praefecti
1243 402 1343 435 filium

251 448 286 482 Si
310 458 387 482 vere
413 449 476 482 dici
505 449 660 489 volumus,
938 451 1046 483 Morte
1069 453 1278 491 praeventum
1302 451 1449 492 improba

251 497 381 531 Patrem
407 498 547 529 colamus
572 497 723 537 moribus,
941 498 1069 531 Orando
1094 500 1179 531 vitae
1203 499 1348 532 reddidit

253 544 313 584 Qui
341 545 433 578 nobis
461 546 567 578 dotem
591 548 772 586 praeparat.
938 545 1050 578 Victus
1074 547 1207 579 nutricis
1232 546 1391 586 precibus.

194 602 225 635 5.
250 602 316 635 Hic
339 611 476 643 namque
501 603 591 642 virgo
615 601 758 643 floridus,
882 604 912 636 8.
940 603 989 635 Tu
1015 612 1100 644 ergo,
1127 612 1247 636 summe
1270 603 1425 647 pontifex,

250 650 374 683 Doctor
398 652 586 691 martyrque
610 650 774 690 candidus,
939 650 999 690 Qui
1025 652 1147 683 coelum
1172 652 1299 684 scandis
1323 651 1428 694 hodie,

252 699 313 737 Qui
336 698 458 738 triplici
482 699 612 731 aureola
942 699 1066 731 Attolle
1088 708 1214 731 sursum
1238 698 1385 740 famulas,

251 746 326 781 Jam
355 749 523 778 coronatus
549 745 678 778 residet.
943 746 1029 785 Quae
1053 749 1109 779 tua
1132 746 1217 779 festa
1240 747 1418 787 percolunt.

607 805 638 836 9.
666 802 776 835 Gloria
800 802 872 844 tibi,
897 803 1043 838 Domine.

268 870 351 898 offic.
370 878 424 898 ms.
445 868 475 897 S.
495 869 656 897 Alexandri
675 869 809 898 Parmen.
830 877 906 897 saee.
927 867 1003 898 ¹⁵lie.
1045 869 1115 897 God.
1135 870 1271 899 casinen.
1291 868 1358 898 870.
1378 884 1416 889 -—
1436 866 1463 902 3,
1492 866 1510 898 3

195 909 274 937 Dum
294 909 423 945 erganzt.
445 924 483 929 ——
505 907 529 942 6,
551 906 571 935 4
589 908 645 936 lies
669 910 846 945 contegunt?

461 1020 508 1051 28.
539 1019 583 1051 De
602 1027 644 1051 ss.
663 1018 855 1057 Alexandro,
875 1018 1011 1051 Eventio
1034 1019 1066 1051 et
1086 1019 1251 1051 Theodulo.

758 1086 807 1116 Ad.
825 1086 953 1117 Laudes.

194 1150 227 1182 1.
250 1148 381 1181 Laudes
404 1148 531 1179 victrici
556 1148 681 1180 debitas
884 1147 913 1181 5.
941 1146 1002 1185 Qui
1024 1145 1211 1179 Libertinae
1234 1146 1355 1178 lumina

254 1195 299 1228 Et
325 1195 433 1228 dulces
458 1195 592 1235 hymnos
617 1195 779 1236 solvimus,
941 1194 1042 1227 Oratu
1065 1197 1174 1227 sancto
1199 1194 1354 1233 reddidit,

253 1243 405 1276 Exsultet
430 1242 544 1275 chorus
569 1243 719 1275 laudibus
940 1242 1059 1274 Lucem
1084 1241 1176 1274 nobis
1200 1242 1351 1283 obtineat,

252 1292 315 1324 Pro
340 1291 422 1323 tanti
445 1290 548 1332 patris
573 1291 684 1330 gloria.
940 1289 1027 1329 Quae
1051 1289 1112 1332 via,
1138 1290 1214 1329 vita,
1243 1289 1386 1322 Christus
1413 1290 1468 1322 est.

196 1350 227 1383 2.
253 1351 382 1381 Aurora
407 1347 483 1380 solis
508 1347 641 1387 praevia
883 1348 912 1380 6.
940 1345 1034 1378 Nunc
1058 1346 1134 1378 solis
1159 1348 1246 1378 ortus
1271 1346 1424 1383 imminet,

254 1395 429 1429 Obscuram
454 1397 578 1427 noctem
602 1393 762 1436 profugat,
938 1395 977 1427 In
1001 1402 1061 1434 quo
1089 1394 1233 1427 Christus
1259 1393 1299 1425 ab
1325 1391 1438 1425 inferis

253 1445 430 1484 Pru-gemus
453 1445 575 1475 mentes
601 1442 742 1482 crimine,
940 1440 1078 1473 Devicta
1102 1444 1205 1473 morte
1232 1441 1360 1473 rediens

256 1491 291 1524 Si
315 1499 426 1524 verum
450 1491 559 1523 lumen
584 1491 774 1531 quaerimus
941 1489 1043 1521 Matri
1067 1497 1199 1521 serenus
1223 1487 1339 1522 adfuit.

195 1551 227 1583 3.
254 1549 321 1581 Nos
346 1557 419 1589 ergo
447 1547 566 1580 Christi
589 1547 738 1589 famulae,
883 1548 914 1579 7.
941 1546 1002 1584 Qui
1025 1545 1239 1585 Magdalenae
1262 1548 1377 1585 postea

254 1597 342 1636 Quae
366 1604 492 1629 sacrum
517 1596 622 1628 velum
646 1596 793 1636 gerimus,
941 1593 1234 1634 Plangentibusque
1258 1592 1390 1633 reliquis

255 1644 290 1677 Si
314 1645 401 1684 quod
426 1644 570 1676 velamen
592 1644 677 1675 intus
704 1645 763 1683 est,
943 1645 1110 1682 Apparere
1136 1641 1282 1682 dignatus
1309 1644 1368 1680 est,

252 1693 435 1725 Pandamus
461 1691 550 1724 Petri
575 1691 725 1724 clavibus.
940 1688 1043 1721 Nobis
1067 1689 1154 1721 adsit
1177 1688 1399 1729 psallentibus.

195 1751 226 1783 4.
253 1749 383 1782 Puellus
407 1749 464 1781 ille
488 1746 626 1790 lumifer,
883 1749 914 1781 8.
941 1747 1024 1786 Huc,
1050 1746 1249 1783 Alexander,
1276 1745 1402 1782 adveni,

254 1797 313 1837 Qui
336 1797 524 1830 Alexandro
547 1795 682 1837 adstitit,
943 1795 1002 1834 Qui
1027 1796 1133 1827 tamen
1156 1802 1308 1834 praesens
1335 1794 1486 1831 crederis

254 1844 322 1876 Nos
346 1844 499 1877 moniales
525 1840 641 1887 visitet)
941 1842 1062 1875 Mentis
1087 1843 1211 1883 repelle
1235 1841 1395 1884 tenebras,

255 1892 341 1932 Quae
364 1892 477 1924 laudes
505 1891 630 1925 Christo
654 1892 805 1925 canimus.
941 1890 981 1922 1d
1007 1899 1120 1922 nomen
1146 1890 1216 1923 vult
1240 1893 1272 1921 et
1295 1889 1454 1921 meritum.

611 1950 642 1981 9.
671 1946 782 1980 Gloria
806 1948 877 1990 tibi,
903 1946 1051 1980 Domine.

273 2014 355 2043 offic.
377 2023 431 2043 ms.
453 2015 483 2044 S.
503 2014 668 2044 Alexandri
686 2014 821 2042 Par-men.
845 2022 921 2043 saee-
944 2011 1020 2041 151'10.
1063 2011 1132 2041 Cod.
1155 2013 1291 2041 Casinen.
1313 2010 1379 2041 870.

627 2117 674 2150 29.
703 2117 747 2150 De
767 2118 874 2149 sancto
898 2115 1089 2148 Alexandro.

678 2186 728 2217 Ad
747 2186 835 2224 Vesp.
858 2188 888 2215 et
906 2184 1034 2216 Laudes.

195 2261 227 2294 1.
255 2258 436 2293 Alexandri
459 2257 575 2290 militia
886 2258 916 2289 2.
944 2255 1063 2296 Legem
1090 2254 1231 2288 divinam
1256 2254 1426 2295 meditans,

253 2307 370 2342 Mundi
397 2306 515 2339 devicit
539 2306 627 2349 vitia,
942 2304 1061 2335 Hostes
1087 2306 1216 2336 cunctos
1242 2302 1466 2343 suppeditans,

254 2356 364 2388 Noxas
390 2354 543 2387 abstersit
567 2354 724 2386 scelerum
943 2352 1039 2384 Hunc
1061 2351 1238 2384 illustravit
1263 2351 1395 2383 coelitus

256 2402 469 2437 Conditor
494 2403 601 2435 alme
621 2401 824 2434 siderum.
943 2402 972 2433 A
995 2402 1124 2439 patre
1148 2398 1412 2441 unigenitus.
