1651 2621
715 127 971 163 —152-

620 220 686 252 253.
715 221 758 251 De
779 221 884 252 sancto
906 220 1042 251 Juliano.

731 288 779 318 Ad
799 288 924 318 Laudes.

864 359 894 391 3.
923 357 1018 397 Cujus
1043 366 1119 390 vera
1143 359 1175 388 te
1198 357 1351 396 perduxit

969 406 1022 438 Ad
1046 404 1142 438 fidem
1167 405 1312 447 assertio,

920 452 1000 492 Ejus
1025 461 1151 492 semper
1175 455 1303 484 tueatur

967 500 1093 540 Ubique
1116 500 1312 533 intercessio.

193 356 224 389 1.
251 357 337 390 Urbs
362 360 513 397 provecta
538 357 763 390 Gaenomannis

296 404 415 438 Juliani
441 405 572 445 meritis,

250 451 343 482 Tanti
366 452 467 491 patris
491 461 574 484 nune
596 453 761 492 praeclara

296 498 427 538 Suscipe
451 500 612 532 solemnia.

192 565 221 596 2.
249 564 293 597 Ut
316 573 375 604 quo
403 564 482 596 duce
504 566 647 598 veritatis

294 611 464 652 Sumpsisti
488 614 668 653 praeconia,

246 658 325 697 EJ'us
350 667 410 698 ope
435 660 626 699 sempiterna

293 705 448 738 Merearis
470 707 620 745 praemia.

864 568 895 600 4.
922 566 1007 598 Laus
1031 566 1117 606 patri
1140 566 1181 597 sit
1205 566 1356 606 ingenito,

968 615 1053 646 Laus
1079 613 1146 652 eJus
1170 613 1342 653 unigenito,

921 661 1005 693 Laus
1030 663 1072 693 sit
1096 664 1205 692 sancto
1230 661 1369 702 spiritui,

967 709 1065 741 Trino
1090 708 1158 740 Deo
1185 711 1217 740 et
1240 709 1388 748 simplici.

263 789 347 816 Brev.
368 788 666 818 Gallicano-Siculum
687 792 756 827 imp.
776 792 909 820 Venetiis
932 791 1014 820 1527.

635 920 703 952 254.
733 921 775 952 De
795 923 902 953 sancto
925 923 1019 954 Julio.

738 989 785 1018 Ad
803 989 930 1020 Laudes.

863 1061 893 1091 4.
921 1061 1040 1091 Amore
1063 1059 1201 1099 flagrans
1227 1061 1356 1093 Domini

919 1105 981 1138 Suo
1008 1116 1076 1138 cum
1102 1106 1203 1139 fratre
1226 1109 1329 1149 unico,

919 1154 1045 1186 Juliano
1073 1154 1215 1195 diacono,

189 1051 218 1085 1.
245 1051 414 1084 Sublimem
440 1053 539 1084 Deum
565 1055 712 1087 laudibus

243 1098 440 1131 Extollamus
465 1099 621 1144 felicibus,

244 1146 302 1184 Qui
326 1150 416 1178 natus
441 1156 532 1179 sacra
555 1149 678 1189 virgine

243 1192 338 1232 Spem
361 1193 452 1226 nobis
478 1195 567 1226 dedit
591 1197 710 1229 veniae.
918 1201 1039 1233 Accola
1063 1201 1124 1233 fuit
1150 1203 1288 1235 saeculo.

187 1260 217 1290 2.
245 1258 439 1292 Confessoris
466 1262 583 1301 egregii
861 1268 892 1299 5.
920 1266 1032 1299 Clarus
1057 1268 1189 1307 sophiae
1215 1270 1362 1310 dogmate

243 1305 388 1338 Solemne
411 1305 525 1339 festum
550 1308 629 1341 Julii
918 1314 1039 1347 Terrae
1063 1318 1171 1356 partes
1197 1317 1313 1349 Italiae

243 1353 367 1385 Devota
388 1353 455 1386 Deo
479 1358 611 1394 pectora
920 1361 1122 1395 Credentium
1147 1372 1206 1403 per
1230 1368 1362 1404 pectora

245 1400 447 1433 celebrantes
473 1404 608 1435 ovantia.
919 1409 1018 1441 Verbi
1044 1410 1194 1443 diffundit
1217 1413 1348 1447 semina.

188 1468 217 1499 3.
243 1466 305 1497 Hic
327 1469 454 1500 sanctus
478 1468 512 1499 in
535 1468 669 1502 infantia
862 1476 891 1508 6.
918 1476 1107 1509 Adhaerens
1131 1478 1190 1509 viti
1214 1480 1327 1511 unicae

246 1513 362 1545 Divina
386 1517 488 1546 tactus
511 1517 613 1555 gratia
918 1523 965 1556 Ut
987 1525 1109 1564 palmes
1135 1524 1242 1558 fructu
1266 1527 1365 1559 ubere

246 1559 441 1602 Contempsit
464 1563 573 1594 mundi
597 1573 760 1608 prospera,
919 1571 1076 1603 Produxit
1100 1573 1185 1604 vitae
1210 1575 1334 1618 pocula,

244 1607 385 1639 Anhelus
410 1609 450 1640 ad
476 1610 632 1642 coelestia.
919 1617 1077 1651 Debrians
1105 1621 1200 1652 eorda
1224 1621 1346 1655 intima.

563 1677 592 1708 7.
619 1677 771 1710 Laetatur
794 1690 877 1713 nunc
900 1691 959 1722 per
983 1686 1110 1716 saecula

616 1724 653 1755 In
679 1726 751 1757 aula
776 1728 856 1759 coeli
880 1731 977 1771 regia,

616 1771 709 1804 Unde
736 1774 841 1807 devoti
865 1778 1034 1819 poscimus,

613 1818 678 1850 Fer
703 1829 792 1860 opem
818 1823 908 1856 nobis
933 1827 1088 1862 omnibus,

261 1898 344 1925 Brev.
365 1906 416 1926 ms.
438 1898 467 1925 S.
489 1899 591 1928 Clarae
609 1902 753 1938 Neapolit.
774 1914 848 1934 saec.
873 1906 915 1935 14.
951 1909 1022 1937 Cod.
1046 1910 1220 1940 Oasanaten.
1240 1914 1264 1941 B
1284 1915 1331 1943 ΠΙ
1351 1915 1377 1944 5.
1398 1916 1484 1953 (470).

189 1935 252 1962 add.
268 1944 342 1963 saec.
361 1935 404 1963 15.
418 1950 455 1954 -—
469 1934 494 1971 2,
508 1935 528 1964 4
542 1938 708 1968 Celebravit
721 1946 848 1972 ovantio.
863 1961 900 1966 —-
914 1945 939 1981 3,
954 1946 975 1974 4
986 1948 1108 1977 Anellus
1122 1949 1174 1986 ad3
1195 1951 1250 1979 lies
1264 1953 1437 1984 Anhelans?
1448 1972 1487 1976 —

187 1973 210 2003 6,
235 1972 248 1999 1
263 1973 430 2001 Adoherons
449 1976 511 2002 veri
529 1978 622 2004 unice.
643 1993 680 1997 ——
702 1978 727 2015 6,
746 1979 766 2008 4
779 1982 912 2011 Debuam
932 1986 991 2013 sibi
1011 1988 1106 2015 corda.
1129 2004 1165 2008 ——
1185 1988 1211 2023 7,
1236 1988 1250 2017 1
1265 1991 1434 2022 Laetamur.
1449 2010 1486 2015 —

186 2009 216 2045 7,
242 2008 260 2038 3
284 2011 382 2039 fehlen
406 2011 467 2039 drei
487 2011 603 2050 silben3
631 2015 729 2045 devoti
749 2021 874 2056 ergiinzt.
895 2038 933 2043 —
953 2023 982 2059 7,
1003 2023 1022 2052 4
1040 2026 1098 2054 Per
1118 2035 1211 2062 opem.
1234 2044 1273 2049 —
1292 2030 1347 2058 Am
1368 2031 1486 2061 Schluss

184 2048 260 2075 noch
279 2049 395 2086 Ant-'ang
415 2049 465 2077 der
484 2051 660 2088 Doxologie:
680 2055 743 2083 Deo
766 2060 852 2093 patri.

611 2184 677 2216 255.
715 2186 758 2218 De
777 2190 887 2220 saneta
906 2190 1043 2224 Justina.

186 2248 216 2283 1,
243 2249 386 2291 Annalis,
414 2258 495 2291 ecce,
522 2252 626 2286 orbita
862 2261 893 2292 2.
920 2260 1005 2299 Quae
1031 2263 1156 2297 Christo
1183 2275 1301 2306 sponsa
1326 2270 1438 2306 dedita

241 2295 341 2328 Nobis
367 2297 493 2330 reduxit
515 2301 641 2342 gaudia,

241 2343 280 2374 In
307 2353 366 2383 qua
389 2345 534 2379 Justinae
557 2349 689 2389 virginis

241 2390 340 2423 Festa
365 2393 486 2425 clarent
511 2398 541 2427 et
565 2399 724 2438 martyris.

914 2307 1069 2343 Florebat
1092 2312 1126 2343 in
1151 2315 1295 2357 ecclesia,

916 2355 980 2388 Die
1004 2362 1160 2400 noctuque
1183 2362 1354 2398 Dominum

916 2403 1099 2445 Deposcens
1123 2409 1166 2441 ad
1190 2412 1354 2447 auxilium.
