1651 2621
655 120 913 155 -199-

574 209 640 241 338.
672 210 715 241 De
739 211 848 241 sancto
868 209 988 240 Mauro.

623 275 672 304 Ad
691 274 781 312 Vesp.
803 278 834 304 et
852 275 939 304 Noct.

118 338 150 371 1.
176 338 283 372 Enixa
307 339 457 372 Maurum
481 341 586 379 Lyhia
825 344 855 374 7.
879 342 1003 374 Amicis
1028 343 1147 375 Christi
1168 353 1228 383 per
1251 343 1364 375 urbem

176 385 374 426 Tyrannidis
399 385 538 425 perfidia
882 389 1103 429 pergentibus,
1131 400 1150 422 a
1173 390 1325 430 praeside

176 433 364 466 Numeriani
390 433 503 465 sedula
882 434 1092 476 Celerinoque
1116 438 1244 469 nomine

177 480 268 513 Tunc
292 480 445 520 temporis
471 483 521 512 est
545 481 658 521 potita,
881 481 1040 521 Rogitatis
1067 484 1108 516 de
1132 485 1264 516 semine.

121 540 153 572 2.
179 537 224 571 Et
247 538 426 578 genitorum
450 536 552 569 filium
822 539 852 572 8.
878 537 1075 572 Praefantur
1099 541 1197 573 corde
1222 541 1362 580 simplici

180 586 309 619 Piorum
330 593 390 626 per
414 585 567 617 auxilium
881 585 1012 618 Fideles
1040 587 1162 619 Christi
1185 586 1316 619 famuli:

177 633 299 667 Christi
323 633 425 665 senile
448 632 589 665 studium
880 633 952 666 Orti
974 642 1083 665 sumus
1110 634 1150 666 de
1174 634 1281 674 Lybia

177 682 272 713 Anno
298 685 348 713 ter
371 689 447 713 seno
474 682 626 714 secutum.
879 680 963 713 Fide
989 681 1108 714 Christi
1134 690 1197 713 non
1225 680 1330 713 dubia.

117 741 149 773 3.
175 738 377 778 Orbatusque
401 738 590 778 parentibus
821 740 853 772 9.
880 739 1027 770 Arrectis
1058 747 1190 779 praeses
1216 738 1347 770 auribus

179 786 257 819 Cum
281 786 376 818 sociis
403 788 434 818 et
458 786 632 818 monachus
881 786 990 826 Captis
1010 786 1107 827 jussit
1131 786 1338 828 martyribus,

176 834 383 875 Erogansque
411 834 605 875 pauperibus
879 834 926 867 Ut
949 834 1154 866 immolarent
1176 834 1272 867 idolis

177 882 317 914 Paterna
339 891 400 922 pro
425 881 628 914 haeredibus.
882 882 954 915 Suis
980 881 1073 914 falsis
1097 882 1291 922 praeconiis

117 941 150 972 4.
176 939 275 978 Quem
304 939 430 971 caelebs
455 940 522 971 vita
548 939 666 979 docuit,
811 940 865 973 10.
878 940 947 973 Hos
971 939 1118 979 linquens
1143 948 1274 979 praeses
1300 939 1415 970 timore

177 987 324 1019 Tonsura
349 989 446 1028 caput
467 986 587 1026 floruit,
881 987 927 1020 Et
952 987 1111 1019 cruciatus
1136 987 1275 1026 fervore,

179 1034 257 1067 Cum
277 1043 388 1067 versus
406 1035 540 1067 Romam
557 1035 750 1075 praetendit,
884 1035 1026 1068 Credens
1052 1036 1172 1067 reverti
1196 1038 1354 1074 martyres

180 1081 371 1114 Sanctorum
395 1082 507 1114 limina
531 1081 657 1114 lambit.
883 1082 938 1115 Ad
961 1083 1171 1115 excolendum
1196 1082 1377 1115 daemones,

121 1141 152 1172 5.
179 1137 321 1172 Afflatus
345 1139 429 1172 almo
454 1138 571 1178 spiritu
815 1139 868 1173 11.
884 1138 997 1172 Surdis
1023 1139 1140 1178 spretis
1163 1138 1338 1179 nugacibus

180 1187 220 1220 In
242 1187 322 1218 urbe
348 1186 450 1219 Rome.
473 1186 612 1219 monitus
885 1188 914 1220 A
940 1186 1063 1220 Christi
1086 1190 1163 1218 tunc
1183 1185 1333 1218 fidelibus

184 1234 320 1274 Suisque
346 1233 526 1267 coaetaneis
886 1234 961 1267 Una
984 1242 1064 1266 voce
1089 1233 1283 1266 dicentibus:

184 1282 333 1315 Ostendit
361 1283 425 1314 iter
446 1282 581 1323 gaudiis.
889 1281 966 1314 Cum
990 1282 1118 1315 Christo
1140 1282 1208 1321 jam
1234 1281 1447 1322 regnabimus.

124 1341 156 1375 6.
183 1340 232 1373 Ut
254 1342 347 1372 vates
371 1339 464 1371 brevi
488 1342 634 1379 tempore
818 1340 862 1372 12
891 1338 1004 1371 Gloria
1026 1338 1098 1378 tibi,
1129 1337 1276 1379 Domine,

183 1387 382 1420 Transitun‘s
409 1396 468 1426 pro
491 1396 621 1419 munere
890 1386 949 1425 Qui
975 1386 1144 1419 surrexisti
1170 1396 1190 1418 a
1212 1385 1353 1428 mortuis

186 1435 237 1467 Ab
265 1434 326 1467 hoc
351 1436 455 1467 notuit
479 1436 605 1467 saeculo
892 1434 969 1467 Cum
993 1436 1097 1474 patre.
1122 1436 1232 1466 sancto
1259 1433 1373 1473 spiritu

185 1482 350 1515 Mansuris
374 1483 407 1514 in
430 1486 597 1524 perpetuo,
887 1483 926 1515 In
950 1481 1146 1522 sempiterna
1171 1481 1309 1513 saecula.

200 1548 282 1577 Offie.
307 1557 361 1576 ms.
388 1548 418 1577 S.
445 1549 545 1576 Mauri
570 1548 758 1577 Lanellensis
783 1557 860 1577 saec.
888 1546 933 1576 15.
955 1557 1000 1576 ex,
1041 1547 1111 1576 Cod.
1134 1547 1324 1583 Neapolitan.
1349 1546 1392 1574 Vi
1416 1545 1445 1574 Ε

124 1585 168 1615 17.
190 1601 225 1606 -
249 1585 274 1621 1,
295 1584 313 1614 2
326 1587 498 1615 Tirambilis
517 1587 649 1622 perfidia.
671 1603 707 1607 ——
728 1585 755 1623 2,
779 1586 797 1616 3
817 1588 929 1624 simige
942 1587 1081 1615 studium.
1102 1601 1141 1606 ——
1160 1584 1187 1620 5,
1208 1584 1226 1612 2
1239 1586 1392 1613 monitum.
1408 1599 1444 1603 —-

122 1623 149 1659 6,
171 1622 189 1653 3
209 1625 281 1653 Lies
301 1627 439 1654 notavit?
461 1639 498 1644 ——
519 1624 546 1659 7,
570 1623 588 1654 3
609 1625 821 1663 Celei-imoque.

584 1718 641 1752 339
663 1719 704 1751 De
726 1721 833 1752 saneto
854 1718 975 1751 Mauro.

686 1789 734 1819 Ad
753 1788 881 1818 Laudes,

125 1859 155 1891 1.
182 1858 313 1892 Clarum
336 1857 425 1890 sidus
448 1857 604 1898 justitiae,
818 1860 849 1891 4.
877 1856 971 1889 Notis
996 1855 1061 1887 fide
1087 1855 1248 1895 clarescis,

181 1906 307 1939 Phoebi
329 1906 427 1946 ,iubar
451 1906 577 1948 ltaliae,
876 1904 1045 1937 Laneltum
1071 1903 1146 1943 quia
1169 1902 1280 1943 tueris,

182 1954 245 1987 Via
271 1956 458 1986 cunctorum
483 1954 678 1994 praesulum,
877 1953 1001 1991 Maure,
1030 1952 1157 1990 captam
1182 1949 1222 1982 ab
1247 1949 1395 1981 hostibus

182 2003 308 2046 Maure,
337 2003 499 2043 decusque
522 2005 710 2041 martyrum.
879 1999 1027 2032 Cristatis
1054 2007 1124 2031 cum
1149 1997 1363 2030 mucronibus.

125 2063 154 2094 2.
185 2060 370 2094 clarissime
394 2060 557 2103 prosapia,
820 2061 851 2092 5.
878 2057 1023 2091 Imbellis
1048 2065 1112 2088 non
1137 2055 1296 2093 interitus,

183 2109 363 2143 Sanctitate
387 2107 523 2141 lucifera
877 2106 1013 2139 Praeter
1036 2113 1133 2138 unum
1161 2103 1201 2136 de
1227 2102 1348 2135 civibus

185 2159 371 2192 consistens
396 2157 483 2190 inter
509 2155 637 2197 agmina
879 2153 1123 2187 Castrametatis
1148 2151 1294 2183 omnibus

182 2207 222 2241 In
247 2207 345 2239 astris
371 2214 471 2246 super
495 2204 615 2239 sidera,
882 2201 1073 2241 Securisque
1097 2198 1293 2233 vulneribus.

125 2267 157 2299 3.
184 2266 258 2298 Jam
283 2263 407 2295 Romae
430 2271 571 2295 summus
596 2259 744 2302 pontifex
821 2261 852 2292 6.
878 2258 1014 2299 Fugasti
1038 2256 1182 2289 homiues
1207 2256 1323 2295 impios

184 2311 347 2346 Abbatem
373 2313 416 2349 te,
446 2312 483 2341 ut
508 2310 644 2347 exsuleS,
882 2306 1057 2345 Sequentes
1084 2307 1154 2335 tuos
1182 2302 1327 2343 famulos,

185 2359 361 2400 Promovit,
386 2360 423 2389 ut
447 2358 491 2390 ad
511 2357 652 2397 patriam
879 2354 997 2385 Parato
1021 2351 1122 2383 mittis
1145 2351 1268 2392 proelio

184 2408 336 2443 Reducas
366 2404 460 2438 firma
484 2405 588 2438 venia,
880 2400 959 2439 Tm),
984 2399 1108 2438 Maure,
1134 2398 1281 2438 imperio,
