1651 2621
698 152 736 156 -
792 131 955 168 272—

182 230 213 262 3.
241 228 332 260 Nunc
359 227 508 259 debemus
533 226 721 265 praevenire
862 227 894 259 5.
920 226 1038 258 Noster
1064 226 1206 266 clippeus
1231 227 1276 257 sit
1297 224 1390 258 fortis

240 275 280 306 Et
306 284 363 307 nos
388 275 447 306 sibi
473 282 677 317 praeparare,
923 273 1040 305 Contra
1064 273 1186 304 hostem
1212 273 1445 309 adversantem,

242 322 286 354 Ut
310 331 367 354 nos
394 322 504 361 dignos
529 320 672 352 invenire
921 320 1114 352 Praesertim
1140 321 1174 352 in
1198 320 1277 351 hora
1302 320 1413 350 mortis

239 369 346 401 Possit
369 372 463 408 atque
487 376 634 400 recreare
922 368 1101 399 sentiamus
1125 376 1218 407 opem
1244 368 1373 399 dantem

285 416 483 449 Festivitatis
512 416 622 455 epulis,
972 414 1091 447 Salutis
1119 414 1221 456 pulsis
1248 414 1389 446 aemulis.

182 476 213 507 4.
241 473 315 512 Ipse
339 475 388 505 est
411 473 559 504 sacerdos
585 481 725 513 magnus,
863 475 892 506 6.
921 472 1027 511 Ipsum
1056 471 1180 503 demum
1208 471 1425 513 deprecemur,

240 521 299 560 Qui
323 521 353 552 in
381 529 471 552 sacro
496 519 557 551 Dei
582 520 700 559 templo
922 520 1019 558 Quem
1044 519 1203 550 laetanter
1229 521 1458 558 exspectamus,

239 568 426 600 Mansuetus
454 567 540 599 velut
561 576 659 608 agnus
920 567 966 600 Ut
991 574 1049 606 per
1073 567 1177 606 ipsum
1202 566 1404 598 sublevemur

239 614 321 647 Solis
345 616 453 647 micuit
480 616 623 655 exemplo
918 614 962 646 Et
985 614 1027 647 ad
1053 614 1156 646 coelos
1182 613 1390 645 ascendamus

291 662 392 695 Claris
419 663 568 694 xirlulum
593 662 703 694 titulis.
968 662 1110 702 Speratis
1136 661 1349 694 adminiculis.

511 721 541 751 7.
569 719 640 751 Hoc
664 719 799 759 benigne
824 719 978 760 largiatur

566 767 684 798 Nostro
712 767 806 797 choro
832 766 1036 806 supplicanti,

569 814 631 846 Per
655 822 746 852 qu<n1
771 814 906 845 mundus
931 813 1133 856 gubernatur,

567 861 673 901 Pater,
700 865 774 893 nato
802 861 1005 898 conregnauti

617 906 690 938 Non
713 907 922 939 terminandis
947 907 1091 939 saeculis.

261 971 344 999 Brev.
363 979 415 997 ms.
435 971 619 998 Franciscan.
638 970 786 1006 Eugubin.
807 979 882 999 saec.
906 969 949 999 15.
992 971 1059 1000 God.
1080 971 1212 1009 Angelic.
1231 973 1257 999 T
1277 972 1336 1000 VH
1356 971 1382 1000 9.

622 1076 690 1108 459.
721 1078 764 1108 De
784 1079 895 1110 sancto
917 1078 1044 1110 Ubaldo.

708 1144 757 1173 Ad
777 1143 967 1175 Nocturnum.

192 1212 221 1243 1.
248 1210 287 1242 In
310 1210 369 1242 hac
393 1211 472 1242 hora
496 1212 649 1243 matutina
869 1216 899 1247 3.
926 1214 988 1245 Hic
1013 1214 1175 1247 confessor
1200 1217 1347 1248 exoratus

249 1258 406 1296 Hymnum
431 1258 565 1290 Domino
592 1261 760 1302 cantemus,
925 1261 1081 1293 Conoione
1106 1263 1291 1295 devotorum

248 1303 337 1335 Nihil
360 1304 392 1334 in
418 1305 532 1336 mentis
556 1305 681 1337 sentina
924 1308 999 1340 Cum
1026 1309 1069 1340 sit
1091 1310 1221 1342 Domini
1245 1313 1398 1349 sacratus,

249 1349 308 1392 Sit,
337 1354 372 1382 ut
394 1351 482 1383 illam
504 1352 710 1391 inquinemus.
924 1355 1102 1390 Exauditor
1127 1358 1308 1397 petitorum.

192 1408 223 1439 2.
251 1407 335 1439 Voce
361 1407 456 1446 clara,
482 1409 597 1440 mundo
623 1409 718 1441 corde
865 1414 896 1445 4.
922 1412 993 1444 Hoc
1017 1415 1174 1446 testantur
1199 1415 1376 1447 orthodoxe

247 1452 365 1485 Nostra
385 1454 455 1485 laus
480 1456 667 1488 conscendat
694 1458 804 1499 cae10S‚
927 1459 1093 1500 Templum
1118 1469 1241 1493 sacrum
1267 1463 1443 1500 visitantes,

252 1500 297 1532 Ut
321 1501 487 1533 mundatos
512 1503 594 1533 omni
620 1503 713 1535 sorde
925 1506 1097 1547 Corporale
1123 1509 1282 1548 demptum
1309 1519 1403 1549 posse

248 1545 314 1577 Nos
338 1547 415 1579 illuc
439 1547 522 1580 ferat.
546 1549 683 1583 anhelos.
921 1553 1001 1585 Inde
1026 1555 1094 1586 sani
1119 1559 1330 1595 reportantes

525 1607 554 1637 5.
581 1605 630 1637 Sit
654 1606 722 1637 laus
747 1608 840 1647 patri,
865 1609 959 1640 decus
984 1612 1069 1648 nato,

582 1652 692 1684 Honor
716 1654 842 1693 spiritui
866 1659 984 1697 sancto,

582 1699 772 1733 Reverentia
796 1701 887 1734 beato

584 1745 761 1779 confessori
788 1756 894 1782 nostro
920 1752 1017 1782 tanto.

266 1810 351 1836 Brev.
374 1818 425 1836 ms.
444 1811 589 1838 Miuorum
607 1811 755 1847 Eugubin.
776 1821 849 1841 saec.
873 1813 916 1843 15.
957 1815 1025 1843 Qud.
1047 1817 1203 1854 Aug-olicus
1222 1820 1247 1846 Τ
1267 1820 1325 1848 VII
1345 1819 1370 1848 9.

626 1916 694 1948 460.
724 1918 766 1949 De
785 1920 891 1951 sancto
912 1920 1038 1953 Ubaldo.

730 1984 777 2015 Ad
796 1985 922 2016 Laudes.

189 2050 218 2081 1.
246 2048 437 2082 Refiorescat
461 2054 568 2084 noster
594 2055 702 2085 cantus
863 2058 891 2089 3.
919 2058 971 2089 Ad
1005 2059 1083 2090 hacc
1107 2063 1215 2092 noster
1238 2062 1341 2094 laetus
1368 2064 1483 2097 chorus¹

242 2096 384 2129 Laudum
413 2099 510 2130 melos
534 2099 718 2143 intonando,
919 2104 1035 2137 Dulces
1060 2108 1165 2139 solvat
1188 2109 1342 2142 melodias

245 2143 280 2174 In
306 2145 449 2183 supernis
474 2148 651 2179 resonando
919 2152 1117 2185 Alternando
1144 2156 1254 2187 laudes
1284 2157 1353 2197 pias

243 2190 391 2223 Exsultat
417 2194 535 2224 coelum
559 2194 715 2227 laudibus.
921 2198 1170 2234 consonantibus
1200 2204 1340 2237 vocibus

190 2248 221 2279 2.
247 2247 340 2278 Nunc
363 2249 522 2282 exsultant
547 2259 654 2282 omnes
679 2253 780 2285 sancti
861 2257 891 2287 4.
919 2256 1045 2288 Aurora
1068 2261 1237 2300 spargente
1259 2261 1366 2300 polum

244 2294 286 2325 Et
310 2295 435 2328 Ubaldo
464 2298 663 2337 gratulantur
920 2303 1083 2335 illucescit
1110 2306 1176 2338 dies
1203 2306 1294 2353 festa,

244 2342 431 2381 Pariterque
458 2345 662 2377 modulantur
918 2349 988 2382 Jam
1014 2354 1146 2385 recessit
1170 2355 1282 2389 umbra
1306 2363 1428 2393 maesta

244 2389 405 2430 Angvlicis
429 2392 638 2425 concentibus.
919 2397 1044 2432 Taetris
1070 2398 1186 2441 fugatis
1211 2405 1368 2440 noctibus,
