1651 2621
743 151 997 187 ——158—

632 247 697 279 266.
726 246 771 277 De
790 245 894 278 sancto
912 240 1093 274 Laurentio.

756 314 804 344 Ad
822 313 977 349 Vesperas.

382 387 413 420 1.
440 386 603 424 Laurenti,
631 384 743 416 merito
767 381 898 415 flammis
922 378 1071 411 vitalibus
1097 379 1175 415 uste,

486 432 546 472 Qui
569 431 712 464 fervente
735 429 800 463 fide
823 429 925 462 victor
950 427 988 458 ab
1010 426 1083 467 igne
1107 423 1203 456 redis.

381 493 411 523 2.
438 489 496 521 Vir
522 490 636 521 dilecte
659 488 727 521 Deo
751 489 876 519 terreno
900 486 932 517 in
958 490 1089 521 corpore
1112 479 1280 520 quondam,

483 536 573 568 Tunc
598 543 719 575 quoque
742 534 883 566 sidereus
902 533 968 572 jam
991 529 1049 561 tibi
1073 536 1182 560 sensus
1208 528 1285 558 erat.

382 595 413 627 3.
440 592 496 632 Qui
522 592 653 632 potuisti
677 591 783 623 oculos
808 592 894 621 tactu
917 594 1065 620 revocare
1088 585 1237 626 sepultos,

485 640 605 672 Rursus
631 641 661 670 et
685 639 717 670 in
742 646 841 669 vacua
865 634 969 668 fronte
992 632 1114 665 referre
1138 631 1230 663 diem,

382 699 413 730 4.
438 696 580 727 Luminis
606 694 769 728 exstinctis
793 694 908 724 iterum
931 690 1112 723 accendisse
1138 687 1286 726 lucerniS‚

491 743 654 775 Credimus
678 742 765 780 haec,
789 741 877 780 signa
901 743 933 771 te
956 737 1091 770 faciente
1116 735 1227 767 crucis.

385 802 415 833 5.
441 799 565 831 Addita
588 807 672 830 nunc
696 797 788 829 ctiam
813 796 938 836 populis
962 794 1114 826 miracula
1133 794 1287 832 praestas,

489 845 536 878 Ut
558 844 634 877 fidei
657 844 778 876 tribuas
802 843 1018 876 indubitanter
1042 849 1143 881 opem.

385 904 414 935 6.
442 902 523 934 Dum
550 905 603 932 tua
629 901 748 940 templa
769 902 889 932 novant
911 898 1056 931 breviore
1079 896 1194 929 robore
1215 895 1335 935 plebes,

490 950 725 988 Creveruntque
748 948 865 987 trabes,
892 947 991 978 crevit
1014 949 1046 976 et
1069 945 1151 976 alma
1174 943 1264 976 fideS.

384 1008 415 1039 ’7.
437 1005 552 1045 Stipite
577 1007 736 1037 contracto
760 1013 817 1035 sua
840 1012 875 1034 se
897 1002 1043 1034 mercede
1065 1001 1211 1040 tetendit,

486 1054 639 1092 Quantum
663 1060 764 1091 parva
786 1051 884 1091 prius,
909 1052 1021 1090 postea
1043 1052 1132 1080 tensa
1157 1047 1227 1081 fuit.

386 1112 417 1143 8.
443 1109 593 1142 Crescere
616 1109 688 1148 plus
712 1108 827 1139 meruit
849 1107 970 1139 succisa
993 1105 1154 1137 securibus
1179 1104 1275 1136 arbor

486 1155 531 1188 Et
557 1155 669 1187 didicit
691 1154 776 1186 sicca
799 1153 920 1193 longior
945 1161 1013 1184 esse
1038 1161 1134 1184 coma.

385 1214 415 1245 9.
441 1211 536 1244 Unde
560 1211 662 1242 recisa
685 1209 755 1249 fuit,
781 1210 914 1250 populus
939 1208 1002 1240 fert
1024 1209 1100 1241 inde
1124 1210 1267 1247 salutem,

491 1258 525 1290 Si
548 1258 635 1290 venit
656 1258 842 1296 intrepidus,
867 1256 985 1288 lumina
1009 1264 1119 1288 caecus
1142 1255 1247 1289 habet.

363 1317 416 1348 10.
443 1314 500 1356 Tu,
527 1314 623 1345 levita
647 1322 745 1354 sacer,
771 1322 871 1353 poena
895 1315 1036 1353 purgate,
1062 1312 1176 1353 fidelis,

488 1361 583 1393 Unde
606 1361 694 1400 prius
718 1359 868 1400 flammas,
893 1361 967 1392 hinc
990 1360 1083 1392 modo
1107 1360 1213 1391 lumen
1238 1358 1346 1392 habes.

363 1418 417 1451 11.
443 1417 581 1457 Visaque
603 1416 796 1456 temporibus
820 1416 992 1449 venerandi
1016 1416 1166 1448 antistitis
1192 1419 1272 1455 acta,

490 1464 552 1496 Sed
576 1466 679 1495 tamen
704 1466 830 1497 aeterno
856 1467 929 1496 sunt
950 1463 1154 1496 memoranda
1179 1464 1240 1496 die.

362 1523 416 1555 12.
443 1520 552 1553 Gloria
575 1520 618 1551 sit
641 1529 758 1552 summo
783 1521 867 1560 patri
890 1521 1035 1560 prolique
1056 1529 1115 1560 per
1137 1529 1258 1558 aevum,

490 1568 605 1600 Sancto
631 1571 660 1599 et
686 1567 811 1607 spiritui
834 1568 867 1599 in
892 1568 1050 1600 saeculum
1073 1569 1202 1600 saeculi.

305 1652 392 1680 Grud.
414 1659 467 1678 ms.
487 1651 517 1679 S.
537 1651 690 1678 Laurentii
710 1652 741 1677 in
760 1651 865 1678 Vei-an(
895 1659 969 1678 saec.
991 1648 1064 1678 10Ιιι.
1098 1650 1166 1678 Ood.
1187 1651 1345 1686 Angelicus
1365 1653 1389 1680 B
1408 1652 1455 1680 111
1475 1650 1520 1680 18.

228 1691 263 1718 A.
284 1705 320 1709 —-
340 1689 424 1717 Brev.
444 1697 496 1716 ms.
518 1689 547 1716 S.
567 1688 719 1716 Laurentii
738 1689 770 1715 in
788 1688 903 1716 Vei-ano
924 1696 998 1716 saec.
1020 1687 1064 1715 11.
1099 1688 1167 1716 Cod.
1180 1689 1314 1717 Vatican.
1334 1687 1418 1717 7018.
1434 1692 1468 1718 B.
1483 1705 1521 1709 —

228 1729 335 1762 Hyrnn.
357 1736 409 1754 ms.
430 1734 504 1754 saec.
528 1724 570 1753 12.
609 1725 676 1754 Cod.
696 1726 804 1753 Lucen.
827 1724 908 1754 1463.
930 1726 960 1753 G.
980 1741 1017 1745 -—
1036 1725 1067 1759 4,
1097 1725 1110 1753 1
1133 1727 1292 1754 exstinctus
1311 1728 1370 1756 AB.
1392 1742 1427 1747 ——
1448 1727 1481 1762 5,
1504 1727 1520 1756 1

231 1766 298 1792 dum
324 1765 452 1792 breviori
480 1765 583 1792 robore
603 1763 642 1796 A,
669 1764 738 1790 dum
763 1764 844 1791 brevi
870 1765 992 1791 oriorior
1011 1763 1045 1791 B.
1069 1778 1105 1782 —
1131 1762 1161 1798 9,
1190 1762 1208 1791 2
1230 1764 1280 1792 Sic
1304 1767 1386 1794 venit
1404 1767 1463 1795 AB.
1484 1782 1521 1786 -

231 1802 274 1838 10,
297 1801 312 1830 1
333 1811 406 1838 pene
425 1804 546 1838 purgate
565 1801 600 1828 A.
620 1816 657 1820 —
679 1799 722 1836 10,
742 1798 759 1828 2
775 1802 822 1828 hic
840 1802 935 1830 modo.

641 1939 704 1971 267.
733 1939 776 1971 De
796 1940 901 1972 sancto
922 1941 1098 1973 Laurentio.

763 2008 811 2037 Ad
829 2008 982 2046 vesperas.

231 2080 261 2112 1.
289 2078 386 2111 Sacra
412 2076 478 2108 dies
502 2075 653 2107 recolitur
906 2080 937 2111 3.
966 2078 1144 2110 Thesauros
1168 2082 1242 2119 post
1259 2080 1404 2113 inducias

285 2124 444 2158 Passionis
469 2123 642 2164 Laurentii,
962 2125 1133 2157 Distribuit
1156 2127 1360 2168 pauperibus,

289 2173 407 2206 Contra
432 2180 523 2211 quem
540 2170 633 2202 nimis
658 2170 769 2202 nititur
964 2173 1074 2205 Vitans
1097 2173 1197 2206 hostis
1222 2176 1378 2208 versutias

288 2220 392 2252 Furor
418 2218 562 2252 Caesaris
586 2217 687 2249 Decii.
962 2219 1141 2260 Torquetur
1165 2222 1394 2263 scorpionibus,

228 2280 259 2311 2.
287 2278 349 2310 Pro
373 2276 529 2307 thesauris
556 2274 706 2307 ecclesiae
906 2277 938 2308 4.
965 2276 1123 2309 Romanus
1150 2279 1245 2311 dixit:
1274 2290 1381 2322 pereo,

287 2324 413 2363 Martyr
436 2325 541 2355 trusus
566 2322 734 2363 ergastulo,
965 2323 1152 2365 Tergentem
1176 2329 1231 2359 tua
1255 2329 1388 2362 vulnera

292 2372 401 2404 Caecis
426 2371 526 2403 visum
550 2368 666 2402 bifarie
966 2372 1120 2413 Angelum
1145 2375 1177 2406 in
1202 2377 1234 2407 te
1259 2377 1360 2420 video,

286 2419 387 2452 Dedit
412 2419 513 2451 crucis
538 2417 710 2458 signaculo.
964 2418 1131 2460 Baptizare
1154 2432 1204 2455 me
1228 2426 1381 2459 accelera,
