1651 2621
713 121 968 157 -214—

194 221 226 253 3.
251 220 288 251 In
313 219 402 251 annis
427 218 621 258 puellaribus
871 219 900 250 5.
926 217 979 248 Ad
1004 216 1108 247 laudi-s
1131 219 1204 246 tuae
1230 216 1386 246 cumulum

251 267 357 299 Prima
382 268 559 305 contempta
583 264 709 306 saeculi,
926 263 1011 296 Dato
1036 271 1152 303 sponso
1178 262 1309 293 coelitus

253 313 379 346 Cunctis
403 312 541 353 profusis
566 312 678 353 opibus
925 311 1034 351 Elegit
1055 311 1089 342 in
1112 313 1145 341 te
1169 310 1333 353 tumulum,

250 361 341 392 Vires
368 360 516 391 contn'vit
539 359 654 391 zabuli.
926 359 1023 398 Quem
1047 358 1157 389 vivens
1182 357 1287 397 signat
1312 357 1430 398 digitis.

191 419 224 451 4.
248 416 472 456 Apostolorum
497 417 608 448 limina
869 417 899 449 6.
927 415 1144 454 Gompatriota
1168 414 1285 446 coelice

248 464 333 495 Petit
356 471 415 502 per
437 464 547 495 mundi
573 463 665 495 devia
927 462 1106 503 Congaude‚
1132 460 1210 493 felix
1236 461 1358 502 civitas,

250 511 369 549 Puella,
395 511 531 543 nondum
558 509 686 551 femina,
923 510 969 542 Ut
992 510 1063 549 ipsa
1086 509 1145 541 tibi
1168 508 1330 549 praeduce

248 558 358 589 Natali
382 561 491 598 spreta
513 558 628 598 patria.
925 557 971 588 Te
995 557 1098 588 salvet
1120 560 1229 588 sancta
1256 556 1393 590 trinitas,

270 612 350 641 Offic.
371 622 424 641 ms.
444 613 473 641 S.
494 614 669 641 Patritiaes
658 621 731 640 saec.
754 610 797 640 15.
819 620 861 639 ex,
896 613 964 641 Ood.
984 612 1171 646 Neapolitan.
1195 612 1239 639 VI
1258 612 1283 639 F
1303 611 1347 640 10.
1367 628 1405 632 —-
1426 610 1450 645 1,
1472 610 1495 640 3

188 651 279 679 Urbis
310 659 406 687 quam.
426 668 464 671 —
483 649 515 681 2
545 649 562 677 2
581 651 682 678 Laude
702 651 768 678 luce
788 652 817 677 et
835 651 947 678 titulus.
968 665 1004 669 —
1023 649 1053 684 2,
1074 649 1095 678 4
1112 651 1182 678 Lies
1204 650 1298 678 Claris
1318 651 1430 678 claret?
1453 667 1490 671 —-

189 687 215 724 3,
238 687 256 715 2
278 691 424 716 contenta.
447 705 482 709 -—
502 673 527 722 5,
549 687 566 715 2
586 689 659 716 fehlt
678 690 743 716 eine
763 688 939 723 silbe311es
958 689 1070 716 Datore
1089 697 1195 724 sponso
1218 688 1287 715 oder
1307 688 1384 716 Dato
1406 697 1494 725 spon—

190 727 273 755 sore?
292 742 331 746 —
352 724 378 760 6,
398 725 416 753 2
437 726 605 762 Congaudet
623 727 701 754 felix.

621 818 687 849 362.
716 817 760 848 De
779 819 889 849 sancta
907 817 1055 849 Patricia..

729 884 778 913 Ad
797 884 954 922 Vesperas.

192 954 222 986 1.
248 953 365 993 Fulget
387 953 422 986 111
447 954 526 986 coeli
548 954 655 993 patria
867 955 898 986 4.
926 954 1059 986 Carnem
1082 956 1188 985 terens
1214 963 1283 985 cum
1307 955 1404 995 vitiis=

249 1000 393 1031 Laudum
417 1001 559 1033 tollenda
582 1000 692 1038 titulis,
922 1000 1064 1032 Mentem
1089 1004 1247 1032 carentem
1273 1003 1357 1033 carie

249 1047 390 1079 Aeterna
412 1051 522 1079 tenens
547 1048 672 1088 gaudia,
926 1047 1023 1079 Satan
1048 1049 1164 1087 spretis
1188 1049 1336 1080 versutiis

251 1094 348 1133 Virgo
375 1094 497 1126 clarens
521 1095 690 1126 miraculis,
925 1095 1004 1134 Regi
1030 1095 1147 1127 dicavit
1171 1096 1300 1136 gloriae.

192 1152 226 1183 2.
252 1150 397 1189 Patritia,
423 1151 549 1190 patricii
868 1152 898 1183 5.
922 1151 962 1183 In
985 1152 1130 1184 monialis
1153 1152 1265 1183 habitu

249 1196 372 1236 Sponsa
397 1198 558 1229 declinans
584 1196 723 1236 foedera,
924 1198 1035 1230 Carnis
1061 1199 1215 1230 culturam
1241 1200 1360 1232 deserit

248 1244 302 1275 Ad
328 1243 471 1275 coelestis
497 1244 642 1276 connubii
921 1245 966 1276 Et
992 1246 1171 1277 dominante
1194 1246 1310 1287 spiritu

249 1290 382 1321 Festina
407 1291 507 1322 currit
528 1299 667 1323 munera.
924 1292 1034 1325 Cultus
1059 1293 1170 1324 salutis
1195 1294 1324 1333 reperit.

192 1348 224 1379 3.
249 1346 356 1378 Falsis
381 1347 495 1386 spretis
522 1347 641 1378 divitiis
866 1349 896 1381 6.
923 1348 1027 1380 Tonso
1050 1349 1157 1381 velata
1181 1350 1301 1381 vertice

247 1393 360 1424 Electa
384 1393 502 1427 Christi
523 1393 639 1425 famula
922 1395 1099 1427 Lam-eatur
1122 1396 1273 1438 laureola,

248 1439 347 1471 Glaris
373 1440 471 1472 claret
493 1441 646 1486 prodigiis
922 1443 998 1475 Cum
1023 1443 1125 1474 beatis
1148 1443 1281 1475 mirifice

246 1486 387 1526 Superno
411 1488 478 1527 regi
501 1488 621 1519 sedula.
921 1489 1023 1529 Regni
1048 1491 1193 1522 coelestis
1212 1491 1327 1526 incola.

520 1545 551 1576 7.
575 1544 672 1583 Ergo,
697 1552 823 1583 parens,
848 1548 882 1576 te
905 1554 1082 1584 precamur,

578 1591 651 1630 Ora,
674 1593 818 1632 patrona,
840 1591 1020 1631 Dominum,

576 1637 623 1669 Ut
643 1640 718 1677 post
740 1641 872 1669 mortem
898 1640 1122 1692 conjungamur

578 1684 679 1717 Choro
705 1688 883 1716 sanctorum
907 1687 1072 1726 virginum.

265 1737 345 1766 Offic.
365 1747 418 1768 ms.
439 1739 469 1766 S.
489 1740 634 1767 Patriciae
654 1748 729 1767 saec.
751 1738 794 1767 15.
816 1748 859 1767 ex.
898 1741 967 1769 Cod.
986 1742 1068 1777 Neap
1072 1743 1171 1771 olitan.
1190 1745 1235 1772 VI
1253 1745 1277 1772 F
1297 1744 1341 1774 10.
1362 1763 1399 1767 —
1420 1746 1444 1784 1,
1467 1747 1484 1776 1

187 1777 220 1803 in
246 1776 320 1803 coeli
339 1778 471 1810 patricia.
490 1792 528 1796 —
547 1775 578 1810 3,
604 1776 623 1804 4
642 1779 703 1813 regi
723 1778 848 1805 saecula.
868 1794 907 1798 —
925 1778 999 1812 4,1
1022 1780 1124 1808 Carnis
1144 1784 1249 1810 terens.
1269 1798 1307 1802 —
1324 1783 1356 1819 4,
1382 1784 1402 1813 4
1422 1787 1486 1815 dic-

188 1815 271 1841 tavit
294 1830 331 1834 —
350 1812 376 1847 5,
397 1812 414 1842 3
435 1797 630 1842 dominantem
649 1817 792 1851 spiritum.
814 1830 851 1834 -
871 1815 897 1850 5,
917 1815 937 1844 4
950 1799 1043 1845 ’Cultis
1060 1819 1173 1847 salutis.
1193 1836 1231 1840 ——
1249 1819 1275 1854 6,
1299 1820 1487 1853 21113111Ηεῒι11-

621 1906 686 1937 363.
707 1906 749 1937 De
768 1908 877 1939 sancta
895 1908 1042 1940 Patricia.

701 1973 751 2003 Ad
768 1973 958 2005 Nocturnum.

403 2043 434 2076 1.
460 2042 616 2081 Tempore
645 2040 726 2073 festa
751 2043 879 2075 colimus
903 2045 1065 2087 immensa,

459 2088 524 2127 Quo
549 2090 689 2122 Patricia
714 2090 862 2123 deserens
886 2094 1022 2132 terrena,

459 2135 583 2168 Christo
607 2139 746 2176 nuptura
767 2141 869 2170 morte
892 2143 1042 2180 superata

503 2183 634 2216 Scandit
662 2185 703 2216 ad
729 2188 824 2218 astra.

402 2242 433 2273 2.
457 2240 546 2272 Haec
568 2241 713 2280 linquens
737 2242 888 2275 mundum
908 2244 1110 2284 lampadibus
1136 2248 1238 2287 plenis

456 2287 576 2319 Lumen
601 2288 755 2329 accendit,
782 2290 822 2321 ad
847 2292 974 2331 nuptias
997 2293 1106 2329 intrat,

458 2335 524 2368 Ubi
549 2344 617 2367 cum
642 2345 757 2376 sponso
784 2338 929 2377 epulatur
954 2349 1066 2380 agnum

504 2384 753 2418 Immaculatum.
