1651 2621
688 96 921 134 *23-

304 197 334 232 3.
364 196 477 230 Sidera
501 206 562 236 qua
586 196 680 237 petiit
704 199 892 235 terrenaque
916 195 1043 228 vincula
1067 194 1165 235 rupit,

406 245 554 277 Andreas
578 244 693 276 missus
719 243 827 276 sidera.
851 251 913 282 qua
936 243 1040 283 petiit.

302 304 334 335 4.
362 301 459 340 Quem
483 300 570 332 Deus
594 300 664 340 ipse
688 303 790 341 vocat,
818 299 981 332 Galilaeae
1007 300 1081 331 (lum
1105 308 1193 331 mare
1216 296 1348 335 scrutat,

406 348 479 381 Una
503 356 575 380 cum
598 346 700 379 fratre
724 356 816 387 quem
837 347 923 379 Deus
940 348 1011 388 ipse
1035 350 1137 380 vocat.

303 407 333 438 5.
362 405 498 444 Ceperat
521 405 596 436 hinc
619 404 761 436 homines
784 404 909 444 peccati
933 404 1056 444 gurgite
1079 406 1201 447 nantes,

405 454 492 484 Ante
516 453 604 484 velut
625 452 740 491 pisces,
767 454 896 492 ceperat
919 452 993 483 hinc
1016 451 1168 484 homiues.

305 510 335 544 6.
362 506 523 540 Fructifer
548 511 580 540 ct
603 508 727 549 viridis,
752 509 932 548 producens
956 509 1098 548 germina
1122 507 1221 547 pacis,

407 557 532 589 Palmes
556 556 640 588 inest
666 555 790 588 Christo
816 554 962 588 fructifer
986 559 1018 587 et
1041 555 1166 587 viridis.

302 615 333 647 ¹7.
359 613 429 653 Qui,
455 612 516 645 sibi
542 613 625 653 quod
651 613 785 655 placeat,
811 612 965 645 scelerum
989 612 1176 653 religamine
1202 609 1340 649 damnat,

407 661 457 692 Ac
480 661 592 692 vinclis
617 660 705 691 laxat
730 660 793 700 qui,
812 659 874 692 sibi
900 660 984 699 quod
1008 660 1145 699 placeat,

303 718 335 751 8.
362 717 460 749 Plura
482 716 655 748 salutiferis
679 716 737 748 ubi
759 717 881 748 semina
903 719 1069 756 sparserat
1092 715 1174 747 orsis

407 764 452 796 Et
472 763 580 795 firmat
602 764 700 795 muris
724 763 818 802 plura
841 763 1027 796 salutiferis.

303 822 333 854 9.
361 819 499 852 Coelitus
524 820 703 852 admonitus
726 820 841 851 Patras
867 822 1051 852 convertere
1075 827 1212 859 gressus,

410 867 475 906 Quo
500 867 638 899 redimat
662 867 783 907 vulgus,
811 866 942 898 coelitus
967 866 1157 900 admonitus

280 926 333 957 10.
360 924 423 956 Hic
448 932 570 964 quoque
594 923 753 955 salvificus
781 926 827 955 est
851 925 955 955 taetro
982 931 1110 955 carcere
1135 923 1270 962 clausus,

406 972 520 1004 Uritur
544 980 583 1002 ac
607 970 753 1002 crucibus
777 970 831 1001 hic
854 978 978 1010 quoque
1002 968 1174 1003 salvificus.

279 1029 333 1061 11.
362 1028 425 1059 Pro
452 1027 553 1059 crucis
580 1027 701 1066 eulogio
726 1026 811 1066 ligno
836 1029 1002 1066 torquetur
1026 1027 1058 1057 in
1083 1026 1165 1066 ipso,

404 1073 548 1106 Funibus
573 1076 695 1105 artatus
719 1082 778 1114 pro
808 1074 910 1104 crucis
936 1073 1070 1113 eulogio.

281 1132 334 1164 12.
361 1131 534 1170 Perpetrat
557 1131 655 1162 hocce
678 1127 768 1161 nefas
793 1129 925 1162 nimium
952 1129 1090 1161 crudelis
1115 1129 1250 1168 Aegeas,

409 1177 556 1218 Suggerit
578 1179 615 1209 ut
639 1176 783 1218 Satanas,
810 1179 978 1217 perpetrat
1000 1177 1100 1208 hocce
1125 1174 1226 1207 nefas.

281 1237 333 1269 13.
360 1235 465 1274 Ipsius-
490 1234 524 1265 in
550 1234 687 1266 Satanae
708 1235 760 1274 jus
786 1243 860 1266 mox
886 1234 1085 1266 contraditur
1109 1233 1189 1273 ipse,

404 1282 470 1321 Quo
495 1282 630 1313 moritur
656 1282 734 1321 dire,
760 1282 861 1322 ipsius
885 1282 919 1313 in
945 1282 1093 1315 Satanae.

277 1341 335 1373 14.
362 1339 469 1371 Fortis
494 1339 616 1371 athleta
639 1341 747 1370 tamen
771 1339 886 1370 reticet
908 1347 972 1370 non
996 1346 1150 1378 spargere
1173 1345 1282 1370 semen

407 1386 475 1418 Nec
500 1387 586 1418 vitae
612 1394 738 1418 carmen
761 1385 853 1418 fortis
879 1386 1001 1418 athleta
1025 1389 1141 1425 tamen,

277 1445 332 1477 15.
358 1443 468 1476 Donec
489 1443 523 1475 in
548 1451 622 1476 arce
646 1444 712 1483 poli
736 1444 852 1475 meruit
875 1444 915 1475 de
941 1452 1036 1476 carue
1059 1443 1161 1475 levari

407 1490 607 1531 Laetitiaque
632 1489 695 1522 fmi
722 1490 822 1522 donec
844 1491 878 1523 in
904 1499 978 1523 arce
1002 1492 1079 1531 poli.

281 1548 333 1581 16.
359 1548 449 1579 Tunc
474 1548 554 1579 bene
580 1549 746 1587 claruerat,
771 1548 873 1588 ipsius
898 1551 934 1579 ut
957 1557 1070 1580 onoma
1095 1550 1214 1587 cantat,

408 1595 539 1634 Quodve
564 1594 689 1638 figurat,
716 1598 793 1627 tunc
815 1595 898 1627 bene
924 1596 1090 1628 claruerat.

280 1652 335 1687 17.
362 1651 470 1684 Sermo
496 1652 595 1683 latine
619 1652 747 1692 quidem
771 1652 855 1684 hunc
879 1652 1014 1684 succinit
1039 1660 1107 1684 esse
1133 1652 1268 1693 virilem,

408 1699 482 1731 Sive
507 1700 623 1731 decore
644 1707 771 1739 gravem
795 1708 899 1732 sermo
922 1699 1023 1732 latine
1046 1699 1185 1739 quidem.

280 1757 335 1790 18.
360 1756 435 1795 Ipse
458 1756 560 1789 virilis
587 1758 664 1796 erat,
692 1757 764 1789 dum
789 1756 874 1789 vinci
900 1756 997 1789 caede
1020 1755 1181 1796 nequibat,

407 1803 492 1835 Dum
517 1804 636 1836 coelum
662 1805 819 1844 penetrat,
844 1803 915 1843 ipse
940 1804 1042 1836 virilis
1069 1805 1147 1835 erat.

281 1862 336 1894 19.
364 1860 388 1892 Ο
414 1861 464 1892 vir
488 1860 671 1900 apostolice,
699 1860 817 1893 Christi
842 1869 965 1901 quoque
990 1869 1116 1901 semper
1141 1860 1252 1899 amice,

409 1908 498 1940 Petri
521 1916 679 1948 germane.
706 1917 724 1940 o
748 1908 799 1939 vir
825 1909 1008 1948 apostolice,

282 1966 336 1998 20.
363 1964 431 1997 Nos
455 1965 577 1997 sociare
599 1964 668 1997 Deo
695 1965 862 2004 depressos
887 1964 977 1997 faece
1000 1967 1157 1997 memento

410 2012 640 2053 Nequitiaeque
656 2013 722 2044 luto
747 2021 805 2044 nos
830 2013 953 2044 sociare
976 2012 1055 2045 Deo.

282 2070 338 2104 21.
363 2069 411 2101 Te
433 2069 574 2110 rogitant
597 2068 718 2106 famuli,
743 2070 834 2109 velis,
859 2069 987 2102 illorum
1011 2069 1202 2108 meminisse,

411 2117 477 2156 Quo
501 2115 582 2148 fiant
604 2117 695 2159 salvi,
721 2120 754 2148 te
778 2118 919 2157 rogitant
942 2116 1064 2150 famuli.

282 2174 337 2208 22.
363 2173 457 2206 Nunc
480 2182 661 2205 resonemus
684 2174 797 2212 Amen,
824 2173 898 2214 quie.
920 2172 990 2205 finit
1013 2173 1124 2206 suavia
1150 2181 1288 2214 carmen,

409 2221 550 2261 Andreas
578 2222 619 2253 da
642 2230 771 2261 paeem3
797 2229 882 2253 nunc
906 2229 1088 2253 resonamus
1112 2221 1227 2256 Amen.

232 2305 361 2341 Legeud.
378 2313 431 2332 ms.
452 2304 482 2332 S.
503 2304 636 2341 Gregorii
656 2306 690 2332 in
710 2304 791 2333 Urbe
812 2313 887 2332 saec.
909 2303 954 2331 11.
988 2303 1058 2332 Cod.
1077 2305 1213 2333 Vatieau.
1235 2304 1320 2334 1274.
1338 2323 1373 2327 —
1392 2307 1461 2335 Auf-

159 2344 271 2372 sehrift:
298 2344 371 2370 Item
396 2345 475 2370 versi
501 2344 532 2369 in
555 2352 578 2370 s.
598 2343 741 2371 Andreae.
766 2358 804 2362 —
826 2342 873 2371 10,
897 2341 911 2369 1
940 2351 1055 2370 carcere
1073 2351 1154 2371 usus.
1177 2359 1212 2363 ——
1238 2342 1287 2380 13,
1310 2343 1325 2372 1
1347 2348 1462 2373 contra-

158 2382 244 2410 ditor.
266 2396 297 2400 —
321 2379 367 2415 21,
390 2379 405 2408 1
426 2381 544 2409 illorum
563 2382 725 2409 reminisee.
746 2395 783 2399 —
803 2379 849 2415 22,
872 2379 887 2407 1
908 2381 1020 2408 suevia.
