1651 2621
699 140 932 175 *13-

399 237 429 268 3.
457 235 593 268 Candidi
619 236 704 268 coelo
730 237 860 268 veniunt
884 237 1027 277 amictus,

458 282 570 314 Clarus
594 282 759 315 obscoenis
780 284 934 316 Dominus
958 284 1097 326 refulget

457 329 615 369 Splendor
640 333 672 362 et
696 333 802 371 gratos
827 334 980 371 superant
1004 332 1117 364 odores

503 376 649 409 Fornicis
679 387 781 412 arcuS.

399 435 430 466 4.
458 434 605 465 Perdidit
629 434 714 466 vitae
734 434 860 473 juvenis
887 436 1042 477 decorem,

456 482 562 513 Ausus
588 481 742 513 intactum
767 482 888 514 violare
914 492 1044 523 corpus,

457 528 553 568 Virgo
579 529 637 561 sed
661 537 756 561 verae
780 532 911 562 revocat
934 531 1029 564 saluti

503 576 611 608 Funus
637 576 796 608 acerbum.

399 634 431 665 5.
456 631 600 664 Flamma
632 632 737 664 divino
765 633 945 665 dominante
967 636 1045 666 nutu

456 679 568 719 Friget
591 680 726 712 aestivos
750 680 874 712 imitata
898 689 987 712 rores

455 726 596 766 Virginis
622 735 736 766 corpus
760 727 896 759 Domino
925 728 1064 760 dicatum

491 773 586 805 Jussa
610 782 758 807 cremare.

398 832 429 863 6.
455 830 555 862 Mista
579 833 703 862 sacrato
729 831 867 862 moriens
893 839 1004 862 cruore

455 877 563 909 Laetis
590 877 701 909 effudit
726 878 810 909 nivei
834 876 963 917 fluenta,

457 923 533 956 Cum
558 923 649 956 ferox
674 925 768 956 lictor
792 924 887 956 lateri
911 923 1105 964 profundum

501 972 654 1004 Condidit
678 979 794 1003 ensem.

401 1029 430 1060 7.
459 1027 614 1067 Spiritum
640 1028 743 1060 celsae
769 1028 899 1067 capiunt
924 1028 1070 1059 cohortes

457 1075 635 1108 Candidum
662 1077 693 1106 et
718 1075 797 1106 coeli
821 1083 917 1114 super
943 1077 1030 1107 astra
1055 1074 1182 1114 tollunt,

457 1121 606 1162 Jungitur
628 1122 736 1162 sponsi
760 1122 908 1153 thalamis
933 1122 1052 1161 pudica

504 1169 627 1208 Sponsa
654 1169 764 1201 beatis.

398 1227 428 1259 8.
456 1224 538 1256 Diva
565 1233 649 1256 nunc
673 1226 802 1256 nostrae
823 1225 975 1256 miserere
999 1225 1094 1257 sortis

454 1272 508 1310 Et,
535 1276 622 1304 tuum
648 1272 787 1312 quisquis
814 1272 954 1304 celebrat
978 1273 1176 1314 trophaeum,

452 1320 608 1358 Impetret
632 1319 694 1351 sibi
714 1320 839 1351 veniam
863 1322 971 1352 reatus

502 1366 608 1406 Atque
632 1367 776 1400 salutem.

399 1423 428 1454 9.
458 1422 573 1454 Redde
596 1426 744 1462 pacatum
770 1424 888 1463 populo
913 1425 1059 1464 precanti

455 1469 635 1509 Principem
663 1471 742 1501 coeli
769 1470 991 1511 dominumque
1014 1474 1131 1513 terrae,

453 1516 558 1548 Donet
587 1522 623 1548 ut
647 1526 758 1556 pacem
784 1518 855 1557 pius
881 1521 913 1549 et
938 1520 1063 1558 quietae

502 1564 660 1604 Tempora
682 1565 778 1597 vitae.

386 1621 440 1653 10.
454 1620 618 1653 Laudibus
643 1622 751 1652 mitem
778 1622 974 1654 celebremus
1000 1631 1125 1662 agnum,

457 1668 553 1701 Casta
577 1677 669 1708 quem
694 1678 845 1709 sponsum
870 1670 933 1702 sibi
957 1671 1036 1711 legit
1060 1671 1178 1711 Agnes,

456 1717 556 1747 Astra
580 1717 634 1756 qui
660 1717 740 1748 coeli
765 1717 950 1750 moderatur
975 1721 1070 1758 atque

504 1763 625 1796 Cuncta
656 1764 822 1804 gubernat.

232 1839 446 1876 Mai-tinengius
467 1848 493 1875 p.
515 1837 579 1867 201.
602 1854 640 1859 —
659 1840 812 1868 Verfassor
832 1842 872 1869 ist
891 1840 1082 1878 Alphanus
1102 1850 1161 1869 von
1182 1842 1332 1871 Salei-no

612 1971 661 2002 20.
692 1972 734 2003 Do
756 1973 867 2004 sancta
887 1974 1019 2013 Agnete.

420 2060 451 2094 1.
479 2061 582 2093 Ardet
606 2061 747 2094 intactae
772 2060 886 2093 faciem
911 2063 1037 2102 puellae

479 2109 641 2141 Praesidis
666 2111 770 2149 natus,
797 2109 922 2141 stabilis
947 2109 1003 2140 sed
1027 2108 1085 2138 illa

481 2156 560 2187 Tale
584 2165 772 2196 responsum
793 2156 902 2196 juveni
926 2155 1042 2195 pudico

527 2203 651 2235 Retulit
674 2212 746 2235 ore:

420 2262 451 2292 2.
479 2260 562 2298 Quid
585 2268 672 2291 meos
698 2258 818 2291 frustra
839 2257 993 2291 thalamos
1019 2254 1163 2295 requiris,

477 2306 634 2339 Pabulum
658 2306 769 2338 mortis
794 2306 987 2344 laqueusque
1012 2303 1106 2341 vitae,

477 2353 596 2392 Turpis
621 2353 779 2390 obscoeni,
806 2351 915 2390 procul
938 2350 1013 2381 hinc
1037 2348 1160 2387 recede,

528 2399 674 2432 Criminis
704 2402 821 2432 auctor.
