1651 2621
737 127 996 164 —227—

626 237 693 270 384.
724 238 768 270 De
788 240 899 271 sancta
918 240 1104 273 Petronilla.

738 306 741 312 ¹
751 316 800 346 Ad
818 316 977 355 Vesperas.

206 391 236 425 1.
263 392 420 426 Concinat
443 393 536 433 plebs
558 392 711 435 fidelium,

263 439 372 472 Mater
396 439 459 473 Dei
483 442 696 481 sanctissima,

264 486 353 519 Tuae
376 488 482 520 laudis
507 491 722 532 praeconium,

264 534 345 573 Quia
372 538 420 567 est
444 545 503 575 per
526 540 560 568 te
584 538 694 578 gloria.

207 602 238 635 2.
265 600 424 642 Exemplo
449 605 504 635 tuo
529 603 669 644 virgines

266 649 344 682 Post
367 653 456 682 tuum
483 654 616 683 currunt
640 651 740 685 filium

264 696 397 729 Puellae
421 700 517 737 atque
538 698 671 738 juvenes

265 744 364 783 Quam
393 745 501 785 plures
526 747 559 778 in
586 747 786 780 consortium.

206 813 237 844 3.
263 812 315 845 Ex
340 813 454 852 quibus
478 813 663 852 primiceria

266 858 374 892 Currit
395 859 463 892 filia
486 860 652 904 principis,

263 906 440 939 Petronilla
464 907 675 949 sanctissima,

261 954 380 986 Adhuc
403 956 437 986 in
463 956 554 987 annis
580 957 708 988 teneris.

204 1022 236 1054 4.
264 1021 289 1054 O
315 1020 486 1053 benedicta
509 1021 578 1054 filia

259 1068 488 1109 Apostolorum
511 1069 678 1109 principis,

262 1115 339 1154 Quis
363 1118 398 1147 te
418 1125 483 1147 non
508 1125 580 1148 cum
602 1117 727 1149 laetitia

264 1163 458 1196 Solemnizet
481 1164 514 1195 in
540 1163 703 1196 saeculis?

207 1230 238 1262 5.
266 1230 354 1268 Quae
376 1230 410 1262 in
437 1230 532 1262 coelis
558 1230 597 1262 ab
624 1232 745 1272 angelis

261 1276 439 1309 Honoraris
465 1278 667 1311 sanctissima

258 1323 304 1356 Et
327 1333 347 1356 a
371 1325 490 1357 sanctis
516 1326 668 1365 apostolis

257 1371 303 1404 Es
328 1372 398 1405 visa
423 1380 493 1404 cum
519 1373 652 1407 laetitia.

907 399 937 431 6.
965 398 1015 429 Tu
1038 399 1124 430 intra
1146 399 1258 431 choros
1280 402 1457 440 martyrum

964 445 1148 478 Muneraris
1174 447 1341 487 veraciter,

965 493 1128 525 Ardenter
1153 495 1194 527 ad
1219 495 1408 536 martyrium

963 541 1080 572 Ivisses
1107 544 1140 572 et
1163 542 1325 575 velociter.

932 633 938 640 .
965 606 1053 639 Petri
1080 607 1263 640 obedientia

965 653 1128 686 Infirmam
1157 656 1241 687 lecto
1265 655 1376 694 tenuit,

965 701 1002 733 In
1027 703 1087 734 hoc
1112 701 1203 734 fuisti
1228 703 1315 734 socia

965 749 1157 790 Confessori,
1179 753 1215 782 ut
1233 750 1348 784 decuit.

930 842 936 848 .
964 815 1037 847 Non
1062 816 1321 857 qualemcumque
1345 817 1497 857 virginem

966 863 1026 903 Tu,
1051 864 1240 904 Petronina,
1266 864 1419 906 sequeris,

965 909 1039 953 Sed,
1067 919 1147 951 quae
1171 921 1235 944 non
1257 911 1354 944 habet
1374 912 1519 952 similem,

963 957 1062 990 Matri
1088 957 1148 989 Dei
1175 959 1384 999 conjungeris,

932 1050 939 1057 .
968 1023 1015 1055 Sit
1041 1024 1228 1057 benedictus
1253 1025 1420 1067 Dominus,

965 1071 1014 1103 Sit
1038 1072 1208 1104 benedicta
1235 1073 1376 1114 domina,

963 1118 1157 1151 Benedictus
1186 1120 1349 1160 apostolus

963 1166 1077 1198 Petrus
1105 1169 1137 1198 et
1162 1177 1219 1199 sua
1243 1166 1320 1200 filia.

894 1233 948 1266 10.
964 1232 1075 1265 Gloria
1098 1232 1169 1273 tibi,
1200 1233 1347 1275 Domine,

964 1280 1022 1318 Qui
1048 1281 1266 1320 Petronillam,
1292 1280 1391 1314 filiam

961 1327 1023 1359 Tui
1046 1327 1213 1369 principis,
1240 1328 1336 1360 hodie

959 1375 1099 1407 Iuduisti
1122 1375 1288 1408 laetitiam.

273 1466 358 1494 Brev.
386 1474 439 1494 ms.
459 1467 611 1494 Romano·
616 1468 803 1496 Franciscan.
831 1476 907 1496 saec.
930 1467 974 1497 15.
1020 1468 1090 1496 Cod
1110 1469 1193 1505 Neap
1197 1469 1297 1497 olitan.
1324 1471 1341 1498 Ι
1359 1470 1384 1497 Β
1410 1468 1455 1498 23.
1482 1485 1519 1490 ν-

198 1501 225 1539 2,
253 1502 268 1531 1
290 1506 340 1531 tue
359 1505 494 1541 viiginis.
515 1522 553 1525 —
574 1503 638 1539 6,1
658 1506 744 1534 infra.
766 1521 803 1525 —
825 1505 850 1539 6,
872 1504 974 1535 2Lies
988 1478 1238 1535 N11meraris‘3p——
1259 1506 1284 1541 ’7,
1307 1506 1324 1535 2
1338 1507 1466 1536 Infirma.
1481 1523 1518 1528 *—

198 1524 225 1575 8,
246 1540 265 1570 3
285 1541 324 1569 Se
344 1551 429 1578 quae-

619 1692 685 1725 385.
714 1692 758 1725 De
777 1694 889 1725 sancta
911 1693 1095 1726 Petronilla,

716 1770 765 1800 Ad
784 1771 978 1802 Nocturnum.

199 1847 231 1881 1.
259 1847 401 1880 Generat,
424 1847 504 1879 haec
529 1847 703 1888 discipulas

256 1895 416 1935 Exemplo
441 1895 626 1935 patientiae,

258 1941 424 1976 Infirmata
450 1942 529 1974 dans
557 1943 676 1982 gratias

256 1991 343 2024 Nata
367 1990 579 2025 obedientiae.

192 2061 226 2093 2.
253 2061 292 2093 In
315 2059 401 2091 lecto
426 2058 608 2098 paralytica

253 2107 381 2151 JacenS,
406 2116 424 2139 o
450 2109 527 2138 nata
550 2106 707 2147 principis

251 2155 492 2196 Apostolorum,
518 2153 596 2194 filia,

252 2205 353 2244 Quam
376 2202 513 2244 pulchra
539 2211 572 2235 es
598 2202 631 2234 in
658 2201 776 2243 caligis.

192 2273 222 2304 3.
250 2270 496 2303 Discumbeutes
524 2269 710 2303 desiderant

251 2318 372 2351 Videre
395 2318 567 2359 mirabilia,

250 2366 305 2399 Ad
330 2365 477 2399 umbram
503 2367 592 2406 quus
619 2364 747 2399 fuerant

251 2414 377 2454 Fugata
399 2413 484 2445 mala
509 2414 658 2454 plurima.

887 1851 920 1882 4.
948 1850 999 1882 Ad
1023 1850 1125 1889 ipsius
1150 1854 1182 1882 et
1207 1850 1274 1882 filia

944 1897 1156 1936 Praeceptum
1182 1899 1291 1930 statim
1316 1899 1436 1932 sanitas

947 1944 1158 1984 Consequitur
1184 1949 1216 1976 et
1237 1946 1350 1979 sedula

945 1991 1111 2024 Ministrat
1137 2001 1207 2024 cum
1231 1993 1387 2027 hilaritas

912 2083 920 2091 .
944 2058 998 2090 Ad
1022 2059 1141 2090 lectum
1166 2062 1241 2099 post
1264 2062 1448 2106 revertitur,

946 2106 1025 2145 Quia
1051 2107 1098 2138 sic
1123 2107 1152 2138 ei
1177 2109 1318 2151 expedit,

945 2152 1126 2187 Infirmanti
1150 2155 1312 2188 addicitur

945 2201 1082 2246 Sanitas,
1111 2211 1192 2242 quae
1212 2203 1285 2244 plus
1310 2204 1447 2244 proficit.

910 2294 919 2304 .
943 2267 1095 2302 Efficitur
1120 2269 1200 2301 haec
1224 2274 1336 2311 postea

944 2317 1041 2358 Virgo
1066 2326 1146 2350 sana
1170 2321 1204 2350 et
1228 2326 1363 2359 corpore

942 2365 986 2398 Et
1011 2366 1083 2397 aliis
1108 2367 1251 2399 remedia

942 2414 1007 2446 Dat
1032 2413 1179 2446 sanitatis
1202 2415 1354 2456 integrae.

1281 2470 1342 2501 15*
