1651 2621
717 128 975 165 -173—

581 227 611 259 9.
639 224 750 258 Gloria
774 224 817 257 sit
840 225 910 258 Deo
932 226 1020 266 patri

636 273 681 305 Et
703 273 773 306 laus
795 274 970 315 unigenito,

635 320 752 354 Sancto
776 321 872 354 simul
894 322 1053 363 paraclito

634 370 673 402 In
697 370 893 410 sempiterna
915 371 1052 405 saecula.

264 453 357 482 Psalt.
377 463 432 482 ms.
452 454 482 482 S.
503 453 653 482 Ambrosii
670 455 868 484 Medffilanen.
894 464 970 484 saec.
991 453 1066 484 Win-
1100 456 1172 484 Cod.
1191 456 1377 485 Ambrosian.
1397 456 1429 484 H
1448 454 1502 484 159

188 491 241 519 inf.
262 506 298 511 —
318 490 343 528 l,
366 491 380 520 1
402 494 487 521 Tunc
503 492 704 521 Marcellinae.

634 632 696 664 291.
724 632 761 664 In
781 631 884 664 sancti
903 631 1064 664 Marciani.

194 711 226 745 1.
251 711 412 744 Marciani
434 711 583 744 meritum

252 757 380 791 Pietate
407 759 592 799 praeditum

250 806 306 839 Ad
329 806 442 839 salutis
467 806 607 839 reditum

251 853 341 886 Nulli
364 853 407 886 sit
429 854 619 889 indebitum.

192 911 223 943 2.
251 910 329 943 Jesu
355 910 475 944 Christi
499 911 604 952 gratia

248 957 363 990 Fultus
390 960 422 989 et
447 959 626 991 constantia

251 1005 373 1039 Cuncta
395 1005 484 1038 tollit
507 1006 603 1039 anxia

248 1053 388 1086 Miseros
413 1054 573 1088 vexantia.

191 1112 223 1144 3.
250 1111 321 1144 Hoc
345 1110 380 1142 in
404 1110 467 1143 Dei
491 1110 610 1143 famulo

248 1158 326 1191 Fuit
349 1158 383 1190 in
406 1159 587 1198 propatulo,

249 1205 340 1245 Quod
365 1206 479 1238 talenti
504 1206 627 1238 calculo

247 1253 323 1286 Non
349 1256 398 1286 est
421 1262 496 1286 usus
523 1253 677 1286 clanculo.

878 714 910 746 4.
937 712 1024 753 Opus
1050 714 1099 744 est
1124 711 1299 744 exhibitum

937 759 1074 792 Ratione
1097 760 1250 799 typicum,

934 807 1027 847 Quod
1051 806 1211 840 conservis
1236 806 1378 839 triticum

936 854 1041 887 Nullis
1068 857 1115 886 est
1139 854 1319 888 inhibitum.

901 937 908 945 .
936 911 1039 952 Hujus
1064 912 1106 944 ad
1130 912 1336 951 praeconium

936 960 1019 992 Vota
1042 961 1174 999 surgant
1198 959 1369 1003 hominum7

938 1007 1034 1046 Cujus
1059 1005 1301 1038 sanctimonium

937 1053 1026 1087 Votis
1051 1052 1140 1086 favet
1162 1053 1310 1086 omnium.

902 1139 909 1146 .
935 1110 1052 1144 Sancta
1075 1110 1162 1143 Deus
1190 1110 1329 1151 trinitas,

934 1158 1011 1198 Fac,
1037 1158 1079 1190 sit.
1104 1159 1184 1190 haec
1209 1158 1378 1191 celebritas

936 1206 1129 1246 Temporum
1152 1206 1318 1238 sinceritas

935 1253 1055 1287 Mentis
1082 1256 1113 1285 et
1136 1252 1313 1294 integritas.

586 1312 618 1345 7.
646 1310 757 1343 Gloria
780 1310 933 1352 ingenito,

645 1357 732 1391 Laus
756 1358 801 1391 sit
823 1358 996 1401 unigenito,

646 1406 758 1439 Honor
780 1407 863 1439 almo
888 1405 1008 1438 flamini

647 1453 780 1494 Semper
804 1454 848 1487 sit
871 1453 1036 1487 laudabili.

267 1541 377 1576 Hymn.
411 1550 464 1568 ms.
491 1540 706 1577 Neapolitanus
737 1548 813 1568 saec.
837 1537 910 1568 ¹³l14.
963 1539 1031 1567 Cod.
1058 1540 1246 1577 Neapolitan.
1273 1538 1316 1567 VI
1341 1539 1367 1568 G
1391 1537 1437 1567 29.
1465 1553 1502 1558 —-

189 1578 215 1615 2,
240 1577 254 1606 1
275 1579 411 1615 gratiam.
430 1594 468 1599 -
488 1577 514 1614 2,
537 1576 555 1605 2
575 1579 779 1606 constantiam.
800 1593 838 1598 —-
858 1576 884 1612 5,
906 1576 926 1606 4
945 1578 1031 1606 Votis
1050 1579 1134 1606 facit:
1155 1578 1210 1606 lies
1229 1577 1309 1606 Vota
1328 1577 1418 1605 facit?

640 1718 710 1750 292.
741 1718 785 1750 De
806 1719 915 1750 sancto
936 1718 1047 1750 Marco.

679 1796 728 1826 Ad
749 1796 840 1835 Vesp.
863 1800 892 1827 et
910 1796 997 1827 Nost.

186 1879 216 1913 1.
243 1878 380 1912 Athleta
404 1877 524 1909 Christi
550 1876 694 1919 belliger,

242 1926 455 1966 Evangelista
478 1925 683 1964 praepotens,

243 1975 340 2007 Nunc
360 1976 418 2006 tua
443 1972 512 2005 dies
535 1971 664 2011 renitet,

242 2024 322 2064 Qua,
348 2021 471 2061 Marce,
499 2021 582 2052 alme
607 2018 764 2059 pontifex,

184 2083 215 2116 2.
243 2079 359 2113 Vicisti
383 2078 438 2111 hic
464 2076 629 2111 carnifices

244 2128 392 2162 Fatendo
417 2127 485 2168 poli
509 2125 699 2167 principem,

244 2177 304 2217 Qui
328 2178 361 2209 te
386 2175 498 2217 agonis
522 2173 638 2206 merito

240 2225 358 2258 Beavit
378 2226 475 2265 parto
498 2222 653 2263 praemio.

182 2284 214 2316 3.
240 2283 289 2315 Te
315 2290 452 2315 canones
480 2279 630 2313 catholici

239 2329 481 2371 Evangelistam
508 2328 683 2367 clamitant,

242 2378 333 2418 Quod
358 2376 507 2419 Lybiam,
536 2375 765 2410 Marmaricam

241 2425 474 2466 Phoenicisque
496 2424 696 2466 pentapolim

874 1876 907 1908 4.
934 1875 1060 1908 Primus
1086 1875 1127 1906 ad
1152 1873 1248 1906 fidem
1275 1876 1430 1915 traxeras,

933 1923 1080 1955 Adorsus
1108 1922 1291 1962 evangelica

932 1970 994 2003 His
1017 1969 1162 2010 pandere
1186 1970 1349 2010 mysteria,

933 2017 1024 2058 Quod
1049 2018 1142 2050 Jesus
1169 2019 1273 2050 exstat
1296 2017 1447 2050 Dominus

898 2102 905 2108 .
932 2075 1018 2108 Hinc
1043 2074 1239 2108 fabricantes
1266 2074 1410 2115 delubra,

932 2124 1101 2156 Immunda
1127 2122 1327 2163 diverticula,

933 2172 1145 2211 Colentesque
1169 2171 1340 2203 simulacra

934 2219 1034 2252 Sacra
1057 2218 1156 2259 piasti
1182 2219 1313 2252 undula.

898 2304 903 2310 .
930 2277 976 2310 Et
1000 2277 1145 2317 Cyrenen
1165 2277 1363 2317 pentapolim

931 2326 1084 2359 Sermone
1108 2333 1200 2357 sacro
1227 2324 1409 2368 sublevanS,

929 2373 1090 2414 Leprosos
1113 2373 1161 2405 ibi
1184 2373 1339 2413 plurimos

932 2421 1059 2455 Curasti
1080 2424 1176 2463 atque
1199 2422 1377 2463 languidos.
