1651 2621
658 141 912 176 -207—

369 233 423 267 18.
498 235 593 266 Ponti
618 235 812 275 multiplices
838 237 925 270 sinus

452 281 634 314 Observans
659 281 748 315 facili
773 292 843 316 cum
867 293 963 324 prece
987 284 1138 324 posceris,

498 328 757 369 Tempestatibus
785 331 926 364 horridis

451 374 633 407 Submersis
658 378 791 410 miseros
815 379 950 411 navibus
977 379 1086 419 eripiS.

204 457 277 486 eod.
295 457 432 487 Oasinen.
452 457 510 488 280
530 469 607 488 saec.
631 459 676 488 11.
693 477 728 481 —
746 462 900 491 Verfasser
920 463 960 491 ist
977 463 1121 499 Alphan
1130 471 1169 490 us
1190 470 1260 490 von
1280 461 1340 490 Sa]
1349 469 1441 489 erno.

582 601 650 634 349.
681 601 715 634 ln
737 601 841 633 sancti
859 601 987 633 Nicolai.

393 679 424 712 1.
449 680 547 716 Ecce„
572 681 639 713 dies
664 681 762 713 rediit
784 681 889 724 jubili,

451 728 476 760 Ο
502 728 646 766 Nicoma,
675 728 779 761 dicate
801 729 870 769 tibi,

450 775 536 807 Laus
562 775 667 816 replet
691 776 818 817 agmina
844 779 956 808 cuncta
980 776 1044 815 poli

453 822 638 862 Cunctaque
663 824 788 862 repleat
813 832 870 855 ora
895 823 967 856 soli.

392 880 423 911 2.
451 880 510 911 Vir
535 879 730 921 venerande,
760 880 894 912 colende
917 880 1023 919 nimis,

450 926 618 967 Digneque
644 927 792 959 laudibus
815 926 1002 966 omnigenis,

451 973 557 1015 Digna
583 975 651 1007 Deo
677 973 787 1013 facias,
813 974 963 1014 petimus,

452 1022 602 1054 Carmina
627 1030 716 1065 quae,
744 1024 846 1064 pater,
874 1020 1044 1054 offerimus.

397 1080 427 1112 3.
455 1078 555 1122 Quod,
582 1078 678 1114 Deus,
706 1087 750 1120 os⁷
777 1080 872 1118 pater
896 1079 1106 1118 omnipotens,

452 1126 515 1158 Est
540 1127 603 1158 dua
627 1126 734 1158 dicere
758 1126 850 1166 signa
874 1125 1012 1166 potens?

450 1174 544 1207 Mens
568 1176 677 1206 manet
701 1174 803 1205 omnis
829 1174 871 1205 ad
894 1173 953 1205 illa
976 1175 1119 1211 stupens,

450 1221 513 1254 Est
538 1230 575 1254 ea
601 1231 671 1253 cum
697 1221 879 1253 meminisse
904 1220 1045 1253 studens.

392 1280 425 1312 4.
453 1278 528 1317 Quis
553 1279 640 1311 valet
665 1288 734 1311 esse
758 1282 890 1318 stupore
916 1286 1027 1309 carens

450 1326 512 1358 Est
535 1329 590 1359 tua
617 1327 676 1365 cui,
704 1326 845 1367 Nicolae„
873 1328 986 1365 patens

450 1374 556 1414 Actio,
581 1375 647 1406 vita
673 1373 779 1406 dicata
802 1374 882 1415 Deo,

450 1421 530 1455 Mox
553 1421 767 1462 proficisceris
793 1430 833 1453 ex
856 1425 958 1453 utero.

392 1481 424 1513 5.
451 1479 519 1512 Lae
544 1480 670 1519 gemina
695 1479 765 1510 vice
788 1487 853 1510 non
878 1477 1005 1518 recipis,

450 1526 578 1559 Solibus
603 1526 823 1558 hebdomadae
847 1525 991 1565 geminis,

451 1574 679 1607 Abstineamus
704 1575 741 1605 ut
765 1582 821 1605 ore
847 1573 936 1612 cibis⁷

452 1622 514 1666 Da,
541 1624 645 1663 pater,
673 1631 711 1653 ac
735 1621 840 1653 animo
868 1620 962 1653 vitiis.

395 1681 426 1714 6.
450 1680 617 1713 Nobilium
642 1681 756 1719 stupra
779 1681 815 1710 tu
840 1677 979 1720 cohibes,

452 1726 666 1767 Naufragium
690 1726 816 1758 miseris
840 1726 1004 1766 prohibeS‚

451 1774 615 1806 Mentibus
642 1777 674 1805 et
697 1775 792 1806 modo
818 1774 903 1814 pelle
928 1776 1040 1813 stupra

457 1820 586 1861 Cuncta,
612 1821 758 1860 pericula
783 1824 897 1852 cuncta
921 1819 1006 1859 fuga.

401 1878 430 1911 7.
459 1876 567 1909 Grana
591 1880 677 1908 rates
702 1886 760 1909 sua
784 1886 847 1908 non
873 1876 1028 1917 minuunt,

453 1923 548 1956 Milia
573 1933 654 1963 quae
678 1924 737 1954 tibi
763 1923 977 1961 contribuunt,

456 1971 554 2005 Unde
578 1970 662 2003 sacri
686 1970 808 2010 populi,
833 1969 983 2011 petimus,

457 2018 643 2058 Multiplica
665 2026 830 2051 numerum
855 2017 1016 2056 precibus.

398 2078 430 2112 8.
457 2077 508 2110 Tu
532 2074 613 2107 facis
638 2074 717 2106 artis
742 2076 779 2105 ut
803 2073 954 2114 Ortygiae

458 2124 533 2157 Non
557 2124 657 2155 lateat
683 2121 774 2154 dolus
799 2121 946 2161 insidiae,

457 2172 581 2211 Detege
606 2178 692 2202 nunc
716 2177 840 2208 quoque
864 2168 1021 2207 nequitias

456 2219 623 2254 Mentibus
647 2216 750 2250 hostis
774 2218 809 2246 et
829 2215 974 2248 insidias.

400 2281 432 2313 9.
458 2278 509 2311 Tu
534 2275 626 2316 facis,
652 2277 690 2309 ut
712 2272 839 2306 recidat
861 2272 969 2315 pugio,

458 2325 570 2366 Eripis
602 2326 634 2355 et
655 2323 790 2363 juvenes
812 2321 933 2360 jugulo,

458 2373 614 2407 Hostibus
641 2373 672 2403 et
696 2370 790 2403 modo
818 2368 881 2400 tela
906 2375 985 2407 rape

459 2421 620 2454 Mortibus
646 2428 684 2452 ac
708 2417 831 2451 animos
856 2416 994 2448 retrahe.
