1651 2621
747 133 1004 168 -141—

491 231 519 264 7.
547 230 778 269 Mysteriorum
804 231 935 263 coelitus
961 239 1120 263 sacrorum

549 277 597 309 Te
620 276 709 310 novit
732 278 833 311 omnis
858 281 946 311 terra
969 279 1148 319 relatorem,

551 324 637 363 Quae
662 325 721 358 tibi
747 326 846 366 gratis
871 326 1013 359 revelata
1036 327 1162 367 sistunt,

599 372 715 405 Inclite
738 374 897 413 princeps

494 442 527 476 8.
554 440 605 472 Tu
628 440 711 472 sieut,
736 440 840 472 carnis
865 440 946 472 alius
970 450 991 472 a
1013 441 1096 479 labe,

551 488 602 520 Ita
631 487 740 520 dolore
763 487 850 519 necis
876 487 1007 528 alienus,

552 534 671 567 Christi
697 535 823 572 dilecte,
852 535 1028 575 ceterisque
1052 535 1130 567 felix

595 583 720 623 Quippe
743 581 843 615 fuisti.

493 652 522 683 9.
551 648 624 681 Non
650 647 712 680 fuit,
735 657 861 680 sacrum
888 649 985 689 digna
1008 658 1122 690 corpus
1148 650 1259 682 humus

549 696 681 728 Sumere
705 699 804 736 tuum,
833 699 971 728 ceterum
995 697 1029 728 in
1055 697 1150 729 coelis

552 742 682 775 Gloriae
708 743 790 775 stola
817 744 957 776 creditur
982 746 1131 777 aeternae

599 790 684 823 Fore
708 791 868 824 vestitum.

469 857 526 891 10.
553 856 578 889 O
603 855 715 888 mundi
737 856 872 896 lampas,
899 857 1047 889 tenebras
1073 859 1244 901 expellam,

554 903 639 935 Puer
665 903 774 947 electe,
801 904 973 944 gratiarum
1000 906 1105 945 plene,

553 951 680 990 Templi
707 951 861 994 columna,
887 952 1031 991 paradisi
1054 952 1179 996 flumen,

601 999 690 1038 Ager
714 998 832 1032 odoris.

475 1066 528 1099 11.
557 1065 643 1104 Quae
668 1073 739 1107 vox,
767 1073 847 1105 quae
872 1065 980 1106 lingua
1004 1067 1123 1106 gratias
1147 1068 1268 1108 opimas

554 1113 641 1144 Tuas
668 1114 701 1143 et,
724 1121 802 1151 opes
825 1121 972 1151 promere
995 1114 1127 1156 valeret,

560 1159 638 1192 Cum
662 1162 695 1191 te
721 1162 845 1191 creatus
869 1161 972 1200 maJ'or
995 1160 1028 1192 in
1055 1161 1189 1202 Olympo

604 1206 719 1238 Nullus
746 1206 902 1239 exsistat?

280 1271 301 1287 ⁶
475 1275 529 1309 12.
557 1273 753 1313 Praepotens
778 1282 851 1315 ergo
877 1276 957 1316 tuos,
985 1283 1160 1317 exoramus,

555 1320 689 1400 {1⁵32ssss
691 1330 706 1352 S
710 1330 749 1400 etii1
751 1322 860 1401 uxiliis’eti⁴
862 1321 991 1402 (affixae)
993 1322 1170 1402 alieffeeasbtos

608 1416 702 1449 Solve
728 1416 908 1450 clementer.
1042 1380 1063 1410 q

480 1484 536 1517 13.
563 1481 683 1522 Gloria,
712 1482 826 1524 virtus,
852 1482 953 1515 honor
978 1485 1010 1514 et
1032 1486 1173 1523 potestas

557 1529 606 1562 Sit
632 1529 702 1569 tibi,
729 1529 865 1569 simplex
889 1530 977 1563 Deus
1002 1533 1097 1571 atque
1120 1532 1212 1572 trine,

559 1577 617 1616 Qui
642 1578 703 1609 rite
728 1575 817 1616 facis,
841 1578 971 1610 ordinas
997 1580 1029 1610 et
1053 1578 1136 1618 regis

606 1625 703 1657 Entia
727 1627 849 1657 cuncta.

310 1702 396 1729 Brev.
430 1709 483 1728 ms.
505 1701 534 1729 S.
555 1701 711 1728 Trinitatis
737 1701 768 1727 111
785 1700 910 1735 Alpibus
938 1700 1009 1727 anni
1032 1698 1112 1729 1455.
1154 1701 1223 1729 Cod.
1243 1701 1433 1730 Laurentian.
1455 1704 1545 1732 Gonv.

233 1749 296 1776 sup.
329 1737 393 1767 512.
420 1739 455 1767 A.
483 1754 521 1758 —
547 1739 633 1767 Brev.
653 1738 932 1766 vallumbrosanum
959 1739 1029 1774 imp.
1057 1748 1079 1766 s.
1105 1739 1124 1766 l.
1147 1741 1176 1767 eii
1195 1748 1220 1767 a.
1242 1740 1274 1767 B.
1300 1755 1337 1759 -
1365 1738 1394 1774 1,
1418 1739 1435 1768 2
1457 1744 1548 1769 ovant

234 1779 268 1806 B.
290 1792 329 1796 —
348 1775 376 1811 3,
399 1775 413 1805 1
434 1777 481 1804 Tu
501 1776 617 1813 quidem
637 1777 672 1804 A.
692 1792 731 1796 —
754 1774 796 1811 11,
820 1774 835 1804 1
857 1778 982 1812 optimas
1002 1778 1035 1804 Β.
1051 1793 1088 1797 -
1107 1775 1151 1811 12,
1172 1776 1190 1804 2
1210 1778 1317 1805 revela.

596 1915 661 1946 237.
693 1915 736 1947 De
756 1924 779 1947 s.
800 1916 944 1948 ,Iohanne
963 1915 1183 1957 Evangelista.

795 1992 845 2023 Ad
863 1993 991 2024 Laudes.

237 2067 269 2099 1.
294 2063 543 2097 Solemnizemus
568 2063 664 2096 hodie
926 2066 956 2097 3.
984 2063 1251 2105 Congratulantur
1275 2065 1420 2110 invicem,

295 2113 360 2146 Per
385 2120 508 2145 omnem
534 2110 620 2144 orbis
646 2111 808 2144 cardinem
986 2110 1063 2143 Cum
1089 2112 1177 2144 clara
1200 2115 1302 2144 matre
1326 2114 1448 2154 virgine

297 2161 336 2194 In
362 2160 445 2193 festo
470 2158 666 2200 beatissimo,
983 2159 1169 2200 Johannem‚
1196 2169 1285 2192 amor
1310 2162 1411 2201 unice,

297 2208 460 2241 Johannes
486 2208 586 2248 virgo,
615 2206 804 2248 principem.
986 2206 1128 2239 Cei-nunt
1151 2208 1184 2239 in
1211 2217 1306 2240 carne
1332 2210 1449 2243 vivero.

238 2279 269 2310 2.
297 2277 376 2310 Cum
400 2275 521 2316 angelis
548 2276 706 2307 exercitus
925 2277 957 2307 4.
985 2273 1065 2305 Tam
1089 2275 1232 2313 specioso
1257 2284 1356 2315 puero

299 2324 417 2357 Omnes
443 2325 603 2356 coelorum
629 2323 743 2356 eivium
983 2321 1155 2362 Reliquisti
1179 2323 1324 2356 convivio

298 2372 455 2405 Exaltant
477 2371 511 2403 in
538 2371 729 2411 discipulum
987 2370 1024 2401 In
1051 2370 1170 2410 nuptiis
1195 2371 1392 2413 miraculum,

297 2419 480 2452 Dilectione
505 2419 685 2453 Dominum.
989 2416 1122 2450 Secutus
1148 2417 1209 2451 fuit,
1232 2418 1413 2454 Dominum.
