1651 2621
702 117 935 153 -56-

406 213 460 247 16.
489 210 579 251 Quod
606 214 701 257 cadit,
729 215 845 247 vitrum
869 217 959 254 patet
984 223 1053 246 esse
1076 214 1208 257 salvum,

487 260 573 293 Vasa
597 262 778 301 producunt
803 263 916 303 oleum,
942 262 1111 302 chelydrus

488 307 622 340 Pellitur
648 309 771 350 dextra,
797 318 1007 349 manuumque
1028 311 1100 343 loca

534 356 622 387 Visio
645 356 749 389 solvit.

407 411 461 444 17.
487 409 631 446 Reddito
657 413 741 444 vitae
765 421 863 453 puero
889 413 996 445 subire

489 459 650 492 Caeolicas
675 461 767 492 sedes
793 460 928 492 animam
954 462 1072 493 sororis

485 506 530 539 Et
556 507 642 539 velut
667 508 743 539 solis
767 507 858 540 radio
884 508 941 540 sub
965 517 1027 540 uno

535 554 648 587 Omnia
674 555 787 589 cernis.

406 610 460 643 18.
488 607 623 643 Scandis
648 611 774 643 ardenti
799 620 890 643 sacer
914 611 992 644 orbe
1015 612 1144 652 praesul

486 658 524 691 In
550 659 670 690 coelum
696 659 749 690 via
771 658 893 690 facibus
917 667 1058 699 corusca,

488 706 619 743 Quando
644 708 694 736 ter
719 706 819 737 ternis
844 706 946 739 tribus
972 709 1003 737 et
1028 706 1184 739 Kalendis

534 753 638 785 Instai:
661 753 796 792 Aprilis,

409 808 462 840 19.
490 805 538 842 Te
564 810 647 841 canit
671 809 774 841 laetus
800 808 912 841 chorus
938 809 1122 848 angelorum

487 855 807 896 Patriaroharumque
833 859 865 887 ct
888 856 1105 895 apostolorum

486 901 530 934 Et
553 904 780 943 prophetarum
806 904 926 935 meritis
952 902 992 934 ab
1018 903 1103 935 omni

533 950 630 982 Parte
653 949 790 982 beatum.

407 1005 460 1037 20.
485 1002 531 1038 If,
555 1006 598 1037 sit
622 1007 715 1045 hujus
736 1007 828 1046 plebs
854 1015 974 1038 memor
996 1006 1060 1037 ista
1083 1006 1199 1048 laudis,

488 1051 551 1083 Hie
576 1062 662 1085 ames
690 1053 763 1092 dici,
789 1055 893 1093 pater,
920 1054 1003 1085 hane
1029 1053 1178 1085 decenter

489 1098 523 1131 Si
549 1099 654 1141 doces,
682 1100 768 1131 laute
792 1099 904 1131 refove
929 1100 1099 1139 polumque

534 1145 697 1179 Scandere
720 1146 850 1187 praebe.

405 1201 459 1233 21.
486 1197 608 1246 Xriste‚
638 1203 745 1235 devoti
770 1203 909 1243 pretium
932 1202 1060 1246 laboris,

487 1248 603 1283 Confer
626 1250 718 1282 istius
745 1258 842 1290 prece
866 1259 923 1282 nos
945 1250 1062 1291 juvari,

489 1296 584 1336 Cujus
611 1298 755 1337 exemplo
780 1298 925 1337 peritura
949 1296 1037 1329 foedi

533 1343 697 1384 Liquimus
723 1345 819 1377 orbis.

406 1402 461 1433 22.
487 1397 611 1435 Ymnus
637 1401 689 1433 hic
713 1404 832 1443 noster,
860 1401 1034 1433 Benediete
1059 1401 1219 1442 princeps,

490 1448 539 1480 Sit
561 1448 622 1479 tibi
647 1456 773 1488 semper
798 1448 956 1488 placidus,
984 1451 1110 1480 tuorum

489 1495 548 1534 Qui
573 1496 658 1528 salus
685 1504 728 1537 es,
754 1496 820 1535 lux,
849 1496 944 1527 decus
971 1498 1003 1526 et
1027 1496 1178 1535 perennis

535 1542 619 1574 Laus
644 1543 878 1576 monachorum.

408 1600 462 1631 23.
488 1594 569 1631 Zeta
594 1598 739 1630 eoelestis
764 1600 907 1637 pretiosa
930 1600 1013 1639 regis

490 1644 536 1677 Te
560 1643 639 1677 facit
662 1646 746 1676 veris
773 1645 929 1678 celebrem
954 1646 1124 1685 trophaeis,

491 1691 586 1725 Unde
610 1701 667 1724 nos
692 1700 817 1732 semper
839 1695 975 1733 petimus
1004 1692 1186 1733 frequentes

537 1739 639 1771 Nocte
665 1739 786 1779 dieque.

410 1798 465 1829 24.
491 1796 583 1828 Doxa
606 1796 733 1828 sublimi
757 1799 884 1828 maneat
910 1797 1036 1837 parenti

489 1843 569 1882 Ejus
595 1847 627 1875 et
650 1852 740 1876 sacro
768 1843 915 1876 diadema
938 1847 1012 1876 nato

491 1890 536 1923 En
559 1891 618 1922 tibi
643 1891 753 1931 virtus,
780 1891 944 1932 utriusque
968 1900 1097 1931 compar

541 1937 678 1978 Spiritus
705 1939 796 1971 alme.

247 2003 315 2030 (jod.
331 2003 465 2031 Oasinen.
480 2001 543 2030 280.
565 2011 640 2030 saec.
657 2001 704 2038 113
724 2004 938 2039 Martinengius
958 2003 978 2030 1.
994 2011 1017 2030 c.
1032 2013 1059 2040 p.
1077 2002 1139 2031 174.
1153 2020 1192 2023 —
1211 2005 1406 2035 Vei-fasser
1426 2008 1478 2034 ist

170 2041 354 2077 Alphanus
374 2049 442 2068 von
463 2040 622 2069 Salerno.

617 2123 662 2154 36.
692 2123 736 2154 De
756 2124 860 2155 sancto
881 2123 1030 2162 Benigno.

709 2181 757 2213 Aa
776 2182 933 2218 Vesperas.

456 2241 486 2274 1.
512 2240 648 2280 Benigni
673 2241 775 2273 sancti
800 2241 950 2281 martyris
975 2240 1170 2280 triumphum

514 2288 618 2320 Corde
644 2289 792 2321 decantet
815 2291 920 2320 coetus
945 2288 1179 2329 monachorum,

512 2334 677 2375 Virginum
703 2336 816 2368 chorus
836 2336 997 2377 melosque
1023 2336 1188 2376 depromat

559 2383 666 2415 Hodie
690 2383 802 2416 laetus.
