1651 2621
741 99 998 135 -196-

529 197 547 228 ’7
586 195 682 236 Legio
706 197 775 227 vult
797 199 852 228 tua
872 196 961 235 jussa
985 196 1082 238 sequi,

581 242 696 275 Trinus
721 246 753 274 et
775 252 855 275 unus
880 244 920 275 ab
944 243 1005 275 hac
1030 243 1153 286 colitur,

579 290 680 323 Filius
706 299 723 322 a
748 293 840 330 patre
864 291 1081 330 progrediens,

579 337 696 370 Sancta
719 338 833 380 Maria,
860 337 921 369 Dei
944 338 1091 378 genitriX,

578 385 692 418 Petrus
717 384 944 424 apostolicique
968 387 1086 424 patres.

293 448 362 477 Cod-
382 449 516 476 Vatican.
536 449 630 477 Palat.
656 447 720 476 241.
749 448 908 477 add..saec.
932 447 975 476 10.
995 463 1033 468 --
1053 447 1084 485 2,
1110 446 1128 476 3
1147 448 1261 476 Musius
1281 445 1361 480 (oder
1379 441 1516 478 Mufiusi)

217 490 247 515 et
264 487 341 514 hinc.
363 502 372 506 —
396 502 397 505 =
418 485 448 521 5,
468 485 488 514 4
505 486 652 514 Muritius.
675 502 713 507 ⁴—
731 486 764 521 7,
787 485 802 513 1
826 488 913 514 Lies:
939 487 1032 524 Legio
1051 487 1138 514 nult?
1158 500 1195 505 -—-
1214 484 1245 519 7,
1267 483 1284 512 5
1305 485 1366 511 Das
1384 482 1516 510 Weitere

214 524 302 559 fehlt3
322 533 378 552 nur
396 524 472 552 noch
492 525 539 552 die
557 525 674 552 Worte:
697 523 803 552 Caesar
822 525 945 552 amande
963 526 1053 553 scires
1073 525 1240 552 Dominum.

640 633 706 665 334.
734 634 778 664 De
797 634 903 665 sancto
923 633 1079 666 Mauritio.

218 704 248 738 1.
278 704 415 735 Primum
438 703 506 736 Deo
532 704 574 735 sit
597 704 708 745 gloria,
904 706 934 737 6.
962 704 1081 744 Victor,
1107 703 1210 736 vicisti
1234 701 1393 733 saeculum

272 750 350 782 Post
373 751 439 790 ejus
464 751 506 782 ad
530 751 679 789 obsequia
960 751 1032 783 Non
1049 760 1108 790 per
1123 755 1165 792 te,
1183 750 1239 782 sed
1255 756 1314 788 per
1329 746 1510 786 Dominum,

271 797 426 829 Thebaeis
451 805 547 836 prece
571 798 726 829 canticum
960 798 1056 837 CuJ'us
1080 806 1176 838 posce
1200 795 1407 833 clementiam,

270 845 445 885 Pangamus
471 844 675 877 diaconicum.
959 846 1005 878 Ut
1030 845 1083 876 det
1106 844 1198 876 nobis
1222 842 1398 875 victoriam.

213 902 245 934 2.
271 900 296 932 Ο
321 900 453 932 Mauriti
481 899 661 939 fortissime,
900 903 931 935 7.
956 901 1106 933 Thebaea
1129 901 1241 931 cohors
1265 898 1398 938 reliqua,

272 946 358 979 Coeli
380 947 514 986 patricie
537 948 652 986 curiae,
955 948 1027 979 Duc
1050 957 1106 979 nos
1132 948 1172 979 ad
1199 955 1275 978 vera
1297 946 1370 987 otia,

270 993 409 1026 Subveni
431 997 506 1025 tuae
528 992 675 1033 famulae,
956 994 1031 1026 Greri
1058 994 1204 1025 continue
1227 993 1362 1030 rosulae,

269 1039 423 1072 Succurre
447 1040 676 1074 semimortuae.
953 1042 991 1073 In
1011 1040 1160 1080 paradiso
1184 1038 1328 1072 floridae.

211 1098 241 1129 3.
267 1096 436 1139 Exsuperi‚
464 1098 512 1128 vir
534 1097 642 1138 milite,
901 1099 934 1130 8.
962 1097 1072 1128 Nostri
1096 1096 1220 1136 peccati
1245 1096 1401 1127 sarcinam

267 1143 395 1183 Signum
422 1143 511 1176 vibra
534 1144 676 1183 militiae,
953 1143 1005 1175 Sic
1029 1143 1167 1185 levigato
1191 1144 1371 1182 maximam,

267 1189 313 1221 Ut
336 1198 518 1229 superemus
543 1191 621 1222 vitia
952 1190 1059 1222 Tollat
1083 1190 1216 1230 quisque
1240 1190 1442 1231 sarcinulam,

267 1236 329 1269 Per
353 1237 503 1268 virtutum
524 1237 670 1277 insignia.
949 1237 1027 1269 Post
1054 1237 1161 1269 ducite
1184 1237 1227 1269 ad
1251 1238 1399 1278 patriam.

206 1294 239 1325 4.
267 1292 349 1330 Quos
374 1294 442 1325 sola
467 1293 647 1332 deprecatio
892 1295 921 1326 9.
949 1294 1042 1326 Vitae
1066 1302 1222 1334 supernae
1245 1295 1361 1335 incola,

262 1339 324 1370 Vix
348 1338 436 1371 fovet
457 1340 490 1371 in
513 1340 668 1380 incendio,
949 1341 1064 1373 Vitalis
1090 1341 1282 1383 agonitheta,

263 1386 321 1424 Tu,
348 1386 499 1426 Candide,
525 1387 726 1419 incandidum
948 1388 999 1420 Ne
1021 1390 1133 1420 mortis
1157 1389 1266 1421 laedat
1287 1389 1455 1431 spiculum,

261 1432 389 1464 Excusa
418 1434 525 1473 culpas
550 1434 694 1468 omniurn.
949 1435 1082 1476 Oppone
1105 1445 1236 1476 precum
1263 1436 1408 1476 clipeum.

204 1489 235 1522 5.
261 1488 424 1521 Innocenti
448 1489 597 1532 piissime,
880 1493 934 1526 10.
948 1492 1046 1524 Trino
1071 1494 1216 1532 personis
1240 1493 1390 1535 Domino,

260 1536 419 1576 Quidquid
442 1540 543 1576 nocet,
570 1541 602 1569 tu
627 1538 728 1578 ablue,
948 1539 1027 1572 Usia
1050 1540 1226 1583 individuo,

258 1582 376 1615 Bravia
398 1584 597 1616 innocentiae
952 1586 1002 1618 Sit
1024 1588 1105 1629 laus,
1130 1588 1232 1620 honor
1258 1592 1290 1620 et
1310 1589 1413 1629 gloria

257 1629 302 1661 Et
324 1633 379 1661 tua
402 1639 498 1669 prece
521 1632 657 1671 porrige.
952 1634 1014 1666 Per
1038 1634 1163 1667 infinita
1187 1636 1324 1670 saecula.

271 1694 356 1721 Brev.
382 1704 434 1722 ms.
454 1695 617 1724 Abiaschae
641 1705 716 1725 saec.
745 1697 817 1725 ²4li5.
861 1698 930 1726 Cod.
949 1699 1135 1727 Ambrosian-
1162 1702 1191 1729 X
1215 1698 1252 1727 22
1277 1709 1341 1736 sup.
1367 1717 1405 1722 -—
1425 1701 1458 1739 2,
1486 1700 1504 1731 3

194 1732 264 1759 Lies
285 1731 434 1760 familiae?
461 1749 498 1753 ——
517 1731 549 1766 4,
581 1733 598 1761 2
618 1734 686 1762 Lies
707 1736 766 1763 Nix
785 1736 883 1764 fovet?
905 1752 938 1756 —
962 1735 991 1771 6,
1018 1736 1032 1765 1
1053 1739 1182 1766 vincisti.
1203 1754 1240 1758 —
1264 1738 1290 1774 6,
1310 1738 1328 1767 3
1349 1749 1445 1776 posse.
1466 1755 1503 1760 -—-

196 1768 221 1804 7,
252 1768 265 1797 1
297 1770 408 1797 choros.
430 1785 467 1789 ——
487 1771 520 1807 7,
546 1769 564 1797 2
582 1773 650 1800 Duo
676 1781 729 1800 nos
755 1773 792 1801 ad
810 1774 879 1809 jura
899 1776 967 1803 otia.
990 1791 1026 1795 —
1046 1774 1079 1810 7,
1105 1774 1123 1804 3
1149 1778 1219 1805 Lies
1238 1778 1324 1806 Veris
1346 1781 1504 1807 continuae

192 1805 344 1842 (continui)
363 1809 499 1836 rosulae?
526 1809 595 1837 oder
615 1810 684 1838 Geri
705 1813 842 1840 continue
861 1813 996 1841 rosulas?
1015 1829 1054 1833 —
1073 1812 1100 1848 8,
1121 1812 1139 1841 2
1159 1815 1210 1843 Sic
1228 1816 1361 1845 levitare.
1381 1833 1419 1838 —
1440 1816 1466 1852 9,
1488 1815 1506 1844 2

191 1845 227 1873 In
247 1845 315 1873 talis
338 1848 499 1882 agonizeta.
519 1861 557 1867 ——-
577 1846 602 1881 9,
622 1846 642 1875 4
660 1850 799 1884 precium.

622 1948 689 1981 335.
720 1950 764 1981 De
784 1955 892 1984 sancto
914 1954 1071 1985 Mauritio.

197 2017 228 2049 1.
256 2017 281 2049 O
308 2016 441 2058 Christe,
466 2019 574 2057 palma
596 2022 781 2062 martyrum,
878 2024 908 2057 3.
934 2026 964 2056 A
989 2025 1065 2056 solis
1088 2027 1160 2056 ortu
1184 2031 1349 2066 venerant,

254 2065 341 2096 Audi
365 2073 476 2105 preces
503 2066 679 2098 canentium
930 2070 1048 2104 Hostes
1071 2075 1108 2103 ut
1131 2074 1227 2104 armis
1255 2075 1476 2116 comprimant,

249 2112 427 2143 Devotione
452 2114 585 2144 maxima
935 2118 998 2150 Sed
1026 2117 1175 2150 deferunt
1199 2120 1321 2151 auxilia

247 2158 391 2190 Mauritii
415 2160 586 2198 praeconia
933 2165 1140 2197 Grudelitatis
1164 2167 1282 2199 nescia.

188 2216 219 2246 2.
247 2214 350 2253 Ipsius
375 2224 413 2246 ac
438 2216 621 2257 satellitum,
873 2221 905 2252 4.
932 2220 1043 2252 Vitant
1066 2221 1106 2252 ob
1131 2221 1167 2252 id
1191 2221 1349 2256 nefarium

247 2261 385 2300 Quorum
406 2262 493 2301 pium
518 2263 683 2304 collegium
925 2266 1115 2300 Maximiani
1138 2269 1306 2310 proelium,

247 2308 391 2346 Tempsit
413 2310 513 2341 minas
538 2311 686 2342 vesaniae
926 2313 1047 2345 Nolunt
1072 2313 1184 2347 fideles
1210 2321 1369 2361 persequi,

246 2354 437 2387 Ferocitatis
463 2357 577 2396 regiae.
932 2360 975 2393 Ut
996 2361 1086 2399 jussu
1112 2368 1228 2402 cogunt
1250 2365 1378 2404 perfidi.
