1651 2621
754 141 971 175 ..95-

290 233 374 260 Brev.
401 242 454 260 ms.
475 234 618 261 Venetum
642 243 716 262 saec.
741 233 784 262 14.
827 235 895 263 Cod.
916 236 1058 262 Marciam.
1077 236 1103 263 L
1122 236 1138 263 1
1157 234 1202 263 81.
1224 235 1257 262 A.
1279 248 1315 253 -—
1336 233 1441 265 Hymn.
1463 235 1515 255 ms-

215 268 244 297 S.
267 270 466 300 Scholasticae
487 270 621 299 Casinen.
648 280 723 299 saec.
746 271 789 299 15.
831 273 898 300 Cod.
921 272 1053 300 Casinen.
1078 271 1143 301 869.
1170 274 1201 300 B.
1230 286 1266 291 -
1290 270 1319 304 1,
1348 269 1362 297 ].
1383 269 1515 303 Virgmls

217 308 326 335 Christi
347 309 469 336 colimus
489 310 667 344 triumphum
687 310 720 337 A.
742 324 778 328 —
801 310 825 344 1,
846 309 863 337 2
880 311 1016 338 Annuum
1036 313 1149 346 tempus
1169 313 1241 339 satis
1262 311 1295 337 A.
1315 322 1353 327 -—
1372 305 1398 341 1,
1418 303 1437 333 3
1452 304 1517 337 Qua

214 345 276 373 dies
294 347 325 373 B.
343 361 380 366 —
401 343 426 379 2,
450 344 464 373 1
484 346 556 374 ferte
572 349 604 381 A,
624 348 731 375 fretens
748 349 778 375 B.
800 364 836 367 —
856 346 882 382 2,
903 345 920 375 3
935 347 1028 376 Sodeo
1052 357 1159 385 sponso
1174 350 1286 377 sociare
1300 346 1420 374 student
1430 343 1462 370 B.
1483 357 1514 361 —

213 381 238 416 2,
259 382 279 410 4
295 383 409 412 Celibet
420 383 455 410 A.
475 400 513 403 —
532 382 558 418 3,
580 383 598 411 2
611 385 729 412 Patrius
743 387 777 412 B.
797 400 831 403 —
853 385 881 418 4,
904 384 918 412 1
933 386 1066 422 Angulae
1080 387 1113 414 A.
1134 402 1172 407 —
1188 386 1215 419 4,
1237 384 1255 412 2
1273 385 1383 412 ferreae
1396 382 1456 409 AB.
1480 394 1513 399 —

211 420 240 456 4,
260 418 277 449 3
298 423 530 449 consummantes
547 423 582 450 A.
604 437 641 441 —
658 421 684 456 5,
705 421 722 451 3
740 425 818 458 Quas
839 427 921 460 pater
943 432 1048 452 saevus
1067 425 1136 452 ferit
1155 433 1223 452 ense
1237 425 1337 451 stricto
1351 420 1385 449 B.
1400 434 1433 439 —-
1450 417 1475 449 G.
1497 415 1514 446 3

213 458 348 494 Suscepit
369 462 403 487 A.
425 474 459 477 —
481 459 506 492 7,
530 458 544 486 1
560 461 709 496 Virgoque
729 462 805 489 coeli
825 463 944 490 subistis
960 463 991 490 Β.
1012 476 1049 481 —
1064 462 1120 490 Str.
1134 460 1153 489 8
1166 462 1240 490 fehlt
1253 462 1288 492 13:
1310 458 1513 486 stattdessen:

213 496 315 524 Gloria
333 497 410 533 patri
430 499 595 534 genitoque.
617 513 653 517 —
673 499 700 532 8,
721 497 738 527 3
758 500 800 528 Ut
818 502 883 527 tuos
904 500 939 532 A,
959 500 1099 535 hymnum
1118 500 1153 527 A.
1174 514 1207 519 —-
1230 500 1256 533 Β,
1276 497 1296 525 4
1315 498 1376 525 Nos
1396 502 1516 523 munere

210 535 245 561 A.
267 549 303 553 —
319 535 403 563 Nach
423 535 479 562 Str.
499 534 519 562 4
538 536 655 563 Divisio
678 537 714 564 ad
733 537 850 565 Laudes
869 538 904 565 A.

651 675 710 706 155.
742 675 784 706 De
803 678 911 707 saneto
933 676 1073 707 Eusebio.

730 761 778 790 Ad
798 761 988 791 Nocturnum.

207 837 236 870 1.
263 838 365 869 Aulae
390 838 534 869 coelestis
560 838 671 878 gloria,
886 841 915 872 5.
941 839 1038 871 Flore
1067 848 1203 871 vernans
1231 839 1381 880 virgineo,

262 884 348 922 Jesu,
377 893 463 916 eume
488 886 667 925 praeconia,
945 886 1064 918 Cruore
1089 885 1178 918 fusus
1202 895 1303 925 roseo,

263 932 348 970 Quae
372 932 481 963 damus
507 932 548 963 ad
576 933 724 964 sublimia
944 933 1068 966 Corona
1098 932 1222 973 fulgens
1246 932 1372 973 gemina

260 978 390 1009 Eusebii
418 978 581 1010 solemnia.
944 981 1110 1013 Goelorum
1135 980 1235 1011 intrat
1259 980 1394 1019 agmina.

202 1036 233 1066 2.
260 1034 472 1066 Recensentes
498 1035 655 1074 egregiam
885 1038 915 1069 6.
944 1036 1056 1067 Gaude
1080 1037 1181 1075 prole,
1209 1036 1367 1077 Sardinia,

259 1081 389 1112 Eusebii
415 1081 580 1112 victoriam
945 1083 1070 1113 Laudet
1093 1085 1195 1113 mater
1220 1083 1366 1124 ecclesia,

259 1128 336 1159 Post
360 1129 559 1167 praesentem
585 1128 745 1159 miseriam
944 1129 1098 1160 Vercellis
1129 1133 1161 1160 et
1184 1129 1279 1162 ltalia

259 1175 330 1206 Duc
354 1175 395 1207 ad
421 1183 591 1213 perennem
616 1176 759 1215 gloriam.
943 1176 1128 1208 Glorientur
1152 1176 1343 1217 praesentia.

201 1233 233 1264 3.
260 1231 417 1263 Eusebius
443 1231 632 1262 catholicam
885 1234 914 1264 7.
941 1232 1016 1271 Ipse
1041 1233 1093 1272 qui
1119 1233 1185 1264 suis
1210 1232 1359 1272 precibus

258 1278 372 1310 Fidem
398 1278 513 1310 docens
539 1281 571 1309 et
593 1279 729 1318 unicam,
941 1279 1058 1311 Valvas
1084 1279 1156 1311 fixis
1182 1280 1358 1319 poplitibus

260 1326 427 1357 Trinitatis
452 1325 659 1357 substantiam
941 1327 1110 1359 Reseravit
1134 1326 1294 1369 fidelibus,

259 1374 465 1412 Eandemque
490 1374 667 1405 essentiam.
942 1374 1010 1405 Nos
1035 1378 1124 1415 regat
1148 1375 1182 1406 in
1209 1374 1412 1407 coelestibus.

202 1431 234 1462 4.
260 1430 390 1469 Tentus,
415 1431 517 1460 tortus
543 1438 562 1460 a
585 1429 726 1468 perfidis,
884 1433 915 1464 8.
941 1432 1086 1469 Praesta,
1115 1434 1217 1471 pater,
1247 1441 1315 1463 eum
1341 1431 1417 1475 filio,

261 1477 395 1508 Tractus
420 1484 479 1514 per
503 1477 620 1515 gradus
645 1477 763 1515 lapidis
944 1478 1060 1510 Sancto
1086 1479 1180 1510 simul
1204 1479 1371 1518 paraclito,

263 1523 418 1554 Sustinuit
442 1523 587 1564 vii-niter,
944 1525 990 1557 Ut
1015 1526 1082 1564 eius
1107 1526 1285 1565 patrocinio

260 1569 306 1601 Ut
330 1571 478 1609 regnaret
501 1568 647 1601 feliciter.
946 1571 1033 1603 Coeli
1058 1571 1201 1603 fruamur
1226 1573 1348 1605 bravio.

282 1654 365 1679 Brev.
394 1659 447 1679 ms.
467 1651 654 1679 Vercellense
679 1661 756 1680 saec.
777 1651 821 1681 13.
863 1652 932 1680 0011.
963 1654 1058 1689 Capit.
1080 1655 1241 1682 Vercellen.
1264 1655 1395 1684 CXCIII.
1413 1657 1448 1684 A.
1475 1674 1513 1678 —-

206 1690 291 1717 Bra-f.
317 1698 369 1717 ms.
390 1689 576 1717 Vei-cellense
605 1697 677 1717 vsaec..
702 1688 745 1718 13.
789 1691 857 1718 Cod.
877 1690 971 1726 Capit.
992 1692 1154 1719 Vereellen.
1180 1694 1290 1721 XLIII.
1311 1695 1343 1721 B.
1365 1709 1401 1713 —
1421 1695 1514 1722 Psalt.

206 1737 258 1755 ms.
278 1727 465 1755 vercellense
485 1735 558 1754 saec.
582 1725 625 1754 15.
660 1727 728 1755 Cod.
750 1728 844 1764 Capit.
859 1729 1021 1756 Vei-cellen.
1042 1730 1105 1756 XL.
1128 1732 1159 1757 C.
1175 1746 1211 1751 —
1226 1731 1311 1759 Brev.
1326 1733 1514 1761 Vercellense

206 1767 274 1801 imp.
296 1774 319 1793 s.
340 1766 359 1792 1.
381 1768 410 1793 et
429 1772 455 1791 a.
475 1765 511 1792 D.
532 1780 569 1783 —
589 1765 673 1792 Mel.:
695 1766 770 1793 Veni
790 1769 901 1794 creator
921 1766 952 1793 O.

641 1894 701 1926 156.
731 1895 775 1926 De
796 1896 905 1926 sancto
927 1895 1072 1927 Eusebio.

759 1982 807 2011 Ad
827 1982 954 2012 Laudes.

207 2061 237 2093 l.
263 2060 327 2092 Hic
351 2064 442 2091 natus
470 2059 509 2091 de
534 2060 692 2099 Sardinia,
887 2063 917 2094 3.
945 2061 1035 2093 Tunc
1058 2061 1146 2093 visae
1170 2064 1244 2092 sunt
1268 2063 1403 2096 mirifice

263 2109 457 2141 Praeventus
481 2106 542 2138 Dei
566 2107 677 2146 gratia,
945 2108 1089 2140 Visiones
1117 2108 1279 2148 angelicae

263 2155 394 2187 Romam
422 2154 534 2186 ductus
560 2157 607 2185 est
631 2155 752 2187 artibus
944 2157 1050 2194 Atque
1074 2156 1247 2197 phalanges
1274 2158 1411 2191 coelicae

263 2203 440 2234 Instructus
464 2201 661 2235 liberalibus.
945 2202 1039 2234 Hunc
1063 2206 1207 2234 tenentes
1231 2204 1265 2234 in
1288 2205 1396 2239 latice.

206 2261 237 2293 2.
264 2260 361 2299 Quem
386 2258 516 2290 edoctus
540 2258 579 2290 ab
606 2259 717 2298 angelo
887 2261 919 2293 4.
945 2259 1074 2298 Adepto
1099 2268 1175 2291 vero
1200 2260 1292 2300 apice

263 2305 412 2340 Perfudit
435 2314 524 2337 sacro
549 2307 677 2339 lavacro
947 2306 1106 2338 Praesulis
1132 2307 1224 2347 vulgo
1249 2309 1395 2348 supplice

264 2354 398 2387 Sanctus
422 2362 507 2392 papa
532 2353 700 2395 Eusebius,
946 2354 1102 2385 Vercellis
1127 2358 1254 2386 sanctus
1279 2356 1427 2397 mittitur,

263 2402 335 2435 Jam
360 2400 538 2433 futurorum
561 2402 736 2440 praescius,
945 2402 1068 2433 Primas
1093 2402 1182 2434 urbis
1208 2401 1356 2436 efficitur.
