1651 2621
714 106 947 139 —22--

561 202 591 235 7.
618 201 667 234 Sit
689 201 790 234 honor
813 202 899 241 patri
924 201 1063 241 coelitus,

613 248 663 280 Sit
687 248 865 289 Agrippino
890 248 1001 289 gloria,

611 294 775 327 Laudetur
798 296 832 327 in
855 296 906 327 his
930 294 1025 336 filius,

612 341 747 382 Spiritui
770 343 813 374 sit
837 342 949 383 gratia.

257 408 359 443 Propr.
381 407 609 443 Neapolitanum
629 408 698 444 imp.
719 408 847 443 Neapoli
870 405 952 436 1525.

444 518 491 550 26.
520 519 564 550 De
584 526 624 549 ss.
643 517 831 555 Alexandro,
852 518 984 550 Eventio
1006 520 1037 550 et
1057 518 1219 550 (theodulo.

720 593 769 624 Ad
788 594 943 632 Vesperas.

205 698 211 705 .
237 674 360 713 Vesper
384 673 482 715 venit,
509 682 526 705 o
551 673 664 715 sociae,
875 674 904 704 7.
932 671 1067 704 Domum
1092 675 1179 704 tuam
1205 671 1354 711 elegimus

238 721 304 759 Quo
327 719 409 751 festa
433 720 524 751 nobis
550 728 664 756 annua.
932 719 1052 751 Ornatu
1075 721 1184 760 spreto
1209 717 1338 751 saeculi,

238 767 297 809 En,
323 767 502 799 Alexandri
526 766 642 807 gaudia
929 767 1073 798 Ancillas
1099 766 1219 799 Christi
1242 767 1375 806 protege

238 813 414 846 Jucundius
439 813 635 845 annuntiant.
932 813 997 845 Sub
1019 813 1189 846 Benedicti
1211 814 1332 853 regula.

180 872 211 903 2.
238 870 275 901 In
301 878 361 909 quo
386 869 544 909 triumpho
569 870 727 908 praesulis
874 871 904 903 3.
933 869 982 901 Sis
1007 872 1109 902 nostri
1132 879 1261 909 memor,
1289 877 1477 910 quaesumus

239 917 343 950 Corda
370 916 494 948 Christo
519 916 666 956 paranda
689 919 772 955 sunt,
930 916 979 947 Tu
1003 918 1189 949 Alexander
1213 915 1367 959 pontifeX,

236 963 283 996 Ut
305 972 393 995 meus
417 964 504 995 intus
526 963 715 1002 consideret,
933 963 1049 995 Sexum
1072 974 1114 996 ne
1137 973 1270 1004 spernas
1295 963 1452 1004 fragilem,

238 1011 327 1049 Quod
352 1018 430 1041 voce
454 1009 533 1042 foris
559 1010 691 1042 canitur.
931 1011 990 1049 Qui
1013 1011 1212 1043 Salvatorem
1235 1012 1372 1052 peperit.

180 1069 210 1101 3.
237 1068 275 1099 In
305 1066 398 1106 hujus
421 1067 533 1105 templi
556 1066 661 1098 medio
874 1068 904 1101 9.
933 1066 991 1105 Qui
1017 1068 1103 1099 coelo
1127 1067 1230 1099 laetus
1254 1068 1376 1100 resides

238 1113 357 1146 Choros
384 1114 534 1145 ducamus
558 1113 726 1154 virginum,
932 1113 1020 1145 Inter
1043 1115 1197 1155 primates
1220 1115 1367 1154 rutilans,

238 1162 406 1195 Cantemus
432 1170 539 1193 omnes
563 1161 686 1200 pariter
930 1160 1091 1199 Rogantes
1116 1161 1193 1193 audi
1217 1160 1364 1203 famulaS,

237 1208 332 1240 Nunc
355 1208 535 1241 Alexandri
559 1208 683 1241 merita.
933 1207 1020 1246 Quae
1043 1211 1076 1240 te
1097 1211 1268 1249 patronum
1291 1210 1452 1243 invocant.

181 1268 212 1299 4.
240 1265 388 1298 Gaudere
415 1265 507 1297 decet
530 1264 680 1305 virgines,
862 1266 917 1298 10.
930 1265 978 1296 Te
1001 1274 1060 1305 per
1086 1265 1167 1297 coeli
1190 1266 1313 1305 palatia

238 1313 324 1352 Quae
356 1321 480 1344 sacram
504 1315 614 1344 tenent
637 1313 802 1353 xirginem,
933 1312 1192 1345 Concomitantur
1214 1314 1302 1357 socii,

239 1360 387 1392 Gaudere
413 1361 505 1392 decet
527 1360 698 1392 monachas
932 1362 962 1392 A
988 1360 1109 1392 dextris
1134 1363 1198 1392 stat
1221 1361 1389 1404 Eventius‚

243 1407 369 1440 Clarum
393 1407 561 1440 laudantes
585 1410 765 1449 martyrem.
931 1407 983 1439 Ab
1010 1409 1111 1441 altera
1138 1408 1330 1442 TheodoluS.

182 1468 213 1498 5.
238 1464 336 1496 Nasci
363 1463 452 1496 dedit
475 1464 577 1496 Roma
600 1465 700 1505 prius,
862 1466 917 1498 11.
933 1464 1040 1497 Sacris
1064 1468 1247 1505 prostratae
1270 1466 1408 1506 pedibus

239 1513 396 1552 Papatum
419 1511 621 1551 postmodum
645 1514 737 1544 mori.
931 1513 987 1552 Te,
1014 1521 1136 1544 summe
1159 1514 1297 1555 praesul,
1322 1515 1470 1555 petimus,

239 1559 334 1590 hunc
356 1558 473 1590 Parma
495 1561 604 1590 servat
627 1568 724 1591 aurea.
932 1560 978 1592 Ut
1000 1563 1106 1592 tecum
1129 1561 1218 1592 coelo
1243 1561 1402 1598 subleves,

243 1607 365 1646 Corpus
389 1606 526 1638 modesti
545 1606 680 1645 juvenis.
934 1608 1017 1646 Quas
1041 1611 1098 1640 tua
1123 1608 1263 1640 claustra
1285 1609 1437 1643 retinent.

184 1665 214 1696 6.
240 1663 407 1695 Balbinam
430 1663 596 1702 pulchram
621 1662 713 1702 facie,
865 1666 918 1697 12.
933 1665 1006 1697 Jam
1032 1665 1099 1697 dies
1126 1665 1211 1696 cedit
1235 1666 1373 1706 vesperi,

242 1710 305 1742 Sed
332 1710 405 1742 colli
428 1710 537 1742 morbo
563 1711 737 1743 sordidam.
931 1711 976 1743 Et
998 1713 1054 1744 lux
1078 1712 1256 1744 succumbit
1279 1713 1431 1754 tenebris,

240 1759 413 1798 Postquam
436 1757 558 1789 sanasti
580 1758 740 1797 precibus.
936 1759 1089 1801 Dignare,
1116 1759 1203 1800 Jesu,
1223 1760 1349 1800 perfrui

243 1805 367 1838 Christo
390 1806 523 1837 sacrasti
547 1805 710 1845 virginem.
935 1807 1047 1839 Nostri
1072 1807 1178 1840 cordis
1202 1808 1351 1848 hospitio.

608 1863 662 1896 13.
689 1863 800 1895 Gloria
823 1865 891 1908 tibi,
919 1864 1065 1898 Domine.

258 1928 340 1955 (nhc.
362 1935 415 1954 ms.
436 1927 466 1955 S.
486 1927 646 1955 Alexandri
665 1928 799 1965 li‘aimen.
820 1938 896 1958 saec.
919 1927 991 1957 ³⁵liss.
1032 1930 1101 1958 Cod.
1123 1929 1258 1959 Casinen.
1279 1929 1344 1959 370.
1367 1946 1406 1950 —
1425 1930 1453 1967 2,
1473 1931 1491 1960 2

185 1965 302 1993 Christi.
323 1979 361 1984 —
382 1966 406 1998 6,
428 1964 448 1992 4
466 1966 588 1993 sanasti.
608 1981 646 1985 —
664 1972 691 2000 ὅ,
713 1965 731 1994 2
750 1977 860 1996 memor
879 1967 962 1996 fehlt.
981 1983 1019 1987 --
1041 1967 1084 2004 12,
1107 1966 1125 1996 2
1145 1970 1310 1997 succumbit
1328 1971 1453 1998 miseris.

448 2086 493 2116 27.
512 2086 556 2117 De
577 2094 617 2117 ss.
637 2086 826 2127 Alexandro,
849 2088 984 2120 Eventio
1007 2089 1038 2119 et
1057 2088 1221 2119 Theodnlo.

707 2164 756 2194 Ad
774 2165 965 2195 Nocturnum.

187 2232 217 2263 1.
244 2230 355 2262 Noctis
379 2229 561 2269 profundae
584 2232 689 2265 medio
869 2236 900 2267 2.
925 2235 1081 2272 Aptemus
1104 2242 1200 2265 manu
1223 2234 1400 2278 lampades,

244 2277 375 2309 Sorores
398 2286 509 2310 saci-ae
532 2280 697 2319 surgimus,
926 2280 1031 2313 Corde
1055 2283 1219 2320 portantes
1244 2292 1352 2327 opera,

245 2325 312 2364 Quo
336 2333 372 2357 se
395 2329 560 2358 venturum
585 2330 729 2366 tempore
926 2327 998 2359 Jam
1025 2328 1171 2360 convenit
1195 2338 1363 2363 occurrere

246 2372 387 2412 Sponsus
412 2371 530 2404 fatetur
554 2374 721 2414 virginum.
927 2375 1052 2407 Christo
1077 2375 1219 2415 pulsanti
1239 2378 1380 2417 januam.
