<?xml version="1.0" encoding="UTF-8"?>
<!DOCTYPE html PUBLIC "-//W3C//DTD XHTML 1.0 Transitional//EN"
    "http://www.w3.org/TR/xhtml1/DTD/xhtml1-transitional.dtd">
<html xmlns="http://www.w3.org/1999/xhtml" xml:lang="en" lang="en">
 <head>
  <title>
</title>
<meta http-equiv="Content-Type" content="text/html;charset=utf-8" />
  <meta name='ocr-system' content='tesseract 3.04.00' />
  <meta name='ocr-capabilities' content='ocr_page ocr_carea ocr_par ocr_line ocrx_word'/>
</head>
<body>
  <div class='ocr_page' id='page_1' title='image "./analectahymnica22drevuoft_00148.png"; bbox 0 0 1651 2621; ppageno 0'>
   <div class='ocr_carea' id='block_1_1' title="bbox 720 131 977 167">
    <p class='ocr_par' dir='ltr' id='par_1_1' title="bbox 720 131 977 167">
     <span class='ocr_line' id='line_1_1' title="bbox 720 131 977 167; baseline 0 0"><span class='ocrx_word' id='word_1_1' title='bbox 720 131 977 167; x_wconf 69' lang='lat'>—145—</span> 
     </span>
    </p>
   </div>
   <div class='ocr_carea' id='block_1_2' title="bbox 192 226 715 506">
    <p class='ocr_par' dir='ltr' id='par_1_2' title="bbox 192 226 715 506">
     <span class='ocr_line' id='line_1_2' title="bbox 192 226 624 260; baseline 0.002 -1"><span class='ocrx_word' id='word_1_2' title='bbox 192 227 223 260; x_wconf 87' lang='lat'>5.</span> <span class='ocrx_word' id='word_1_3' title='bbox 252 226 427 259; x_wconf 83' lang='lat' dir='ltr'>Crucifixus</span> <span class='ocrx_word' id='word_1_4' title='bbox 452 228 624 260; x_wconf 88' lang='lat' dir='ltr'>inclinatus</span> 
     </span>
     <span class='ocr_line' id='line_1_3' title="bbox 300 274 661 314; baseline 0.006 -8"><span class='ocrx_word' id='word_1_5' title='bbox 300 274 385 307; x_wconf 86' lang='lat' dir='ltr'>Huic</span> <span class='ocrx_word' id='word_1_6' title='bbox 406 275 473 314; x_wconf 88' lang='lat' dir='ltr'>jam</span> <span class='ocrx_word' id='word_1_7' title='bbox 498 275 661 308; x_wconf 87' lang='lat' dir='ltr'>humiliter</span> 
     </span>
     <span class='ocr_line' id='line_1_4' title="bbox 250 321 684 365; baseline 0.002 -10"><span class='ocrx_word' id='word_1_8' title='bbox 250 322 325 365; x_wconf 81' lang='lat' dir='ltr'>Dat,</span> <span class='ocrx_word' id='word_1_9' title='bbox 352 326 389 355; x_wconf 83' lang='lat' dir='ltr'>ut</span> <span class='ocrx_word' id='word_1_10' title='bbox 410 321 547 355; x_wconf 80' lang='lat' dir='ltr'>famulus</span> <span class='ocrx_word' id='word_1_11' title='bbox 572 323 684 356; x_wconf 84' lang='lat' dir='ltr'>beatus</span> 
     </span>
     <span class='ocr_line' id='line_1_5' title="bbox 299 370 634 404; baseline 0 -1"><span class='ocrx_word' id='word_1_12' title='bbox 299 370 461 404; x_wconf 81' lang='lat' dir='ltr'>Johannes</span> <span class='ocrx_word' id='word_1_13' title='bbox 487 370 634 403; x_wconf 79' lang='lat' dir='ltr'>hilariter</span> 
     </span>
     <span class='ocr_line' id='line_1_6' title="bbox 252 417 715 459; baseline 0 -9"><span class='ocrx_word' id='word_1_14' title='bbox 252 417 324 450; x_wconf 82' lang='lat' dir='ltr'>Stet</span> <span class='ocrx_word' id='word_1_15' title='bbox 346 419 381 450; x_wconf 85' lang='lat' dir='ltr'>in</span> <span class='ocrx_word' id='word_1_16' title='bbox 405 418 479 459; x_wconf 80' lang='lat' dir='ltr'>igne</span> <span class='ocrx_word' id='word_1_17' title='bbox 501 417 715 451; x_wconf 74' lang='lat' dir='ltr'>inflammatus</span> 
     </span>
     <span class='ocr_line' id='line_1_7' title="bbox 298 465 656 506; baseline 0.006 -8"><span class='ocrx_word' id='word_1_18' title='bbox 298 465 343 498; x_wconf 83' lang='lat' dir='ltr'>Et</span> <span class='ocrx_word' id='word_1_19' title='bbox 367 466 498 499; x_wconf 80' lang='lat' dir='ltr'>illaesus</span> <span class='ocrx_word' id='word_1_20' title='bbox 524 466 656 506; x_wconf 79' lang='lat' dir='ltr'>pariter.</span> 
     </span>
    </p>
   </div>
   <div class='ocr_carea' id='block_1_3' title="bbox 877 226 1388 504">
    <p class='ocr_par' dir='ltr' id='par_1_3' title="bbox 877 226 1388 504">
     <span class='ocr_line' id='line_1_8' title="bbox 877 226 1283 268; baseline -0.012 -5"><span class='ocrx_word' id='word_1_21' title='bbox 877 232 908 263; x_wconf 83' lang='lat'>7.</span> <span class='ocrx_word' id='word_1_22' title='bbox 935 229 1003 262; x_wconf 92' lang='lat' dir='ltr'>Deo</span> <span class='ocrx_word' id='word_1_23' title='bbox 1029 230 1098 260; x_wconf 80' lang='lat' dir='ltr'>erat</span> <span class='ocrx_word' id='word_1_24' title='bbox 1122 226 1283 268; x_wconf 80' lang='lat' dir='ltr'>supernali</span> 
     </span>
     <span class='ocr_line' id='line_1_9' title="bbox 983 274 1345 314; baseline -0.011 -5"><span class='ocrx_word' id='word_1_25' title='bbox 983 278 1083 309; x_wconf 91' lang='lat' dir='ltr'>Totus</span> <span class='ocrx_word' id='word_1_26' title='bbox 1110 283 1183 308; x_wconf 86' lang='lat' dir='ltr'>vere</span> <span class='ocrx_word' id='word_1_27' title='bbox 1209 274 1345 314; x_wconf 87' lang='lat' dir='ltr'>deditus,</span> 
     </span>
     <span class='ocr_line' id='line_1_10' title="bbox 938 322 1264 358; baseline -0.015 0"><span class='ocrx_word' id='word_1_28' title='bbox 938 325 1048 358; x_wconf 88' lang='lat' dir='ltr'>Coetui</span> <span class='ocrx_word' id='word_1_29' title='bbox 1075 322 1264 356; x_wconf 79' lang='lat' dir='ltr'>coenobitali</span> 
     </span>
     <span class='ocr_line' id='line_1_11' title="bbox 983 370 1370 408; baseline -0.01 -4"><span class='ocrx_word' id='word_1_30' title='bbox 983 372 1105 405; x_wconf 85' lang='lat' dir='ltr'><strong>Lumen</strong></span> <span class='ocrx_word' id='word_1_31' title='bbox 1132 372 1186 403; x_wconf 88' lang='lat' dir='ltr'>dat</span> <span class='ocrx_word' id='word_1_32' title='bbox 1210 370 1370 408; x_wconf 87' lang='lat' dir='ltr'>divinitus,</span> 
     </span>
     <span class='ocr_line' id='line_1_12' title="bbox 936 418 1222 452; baseline -0.01 0"><span class='ocrx_word' id='word_1_33' title='bbox 936 419 1022 452; x_wconf 81' lang='lat' dir='ltr'>Solio</span> <span class='ocrx_word' id='word_1_34' title='bbox 1047 418 1222 451; x_wconf 77' lang='lat' dir='ltr'>coelestiali</span> 
     </span>
     <span class='ocr_line' id='line_1_13' title="bbox 984 465 1388 504; baseline -0.012 -4"><span class='ocrx_word' id='word_1_35' title='bbox 984 466 1056 500; x_wconf 84' lang='lat' dir='ltr'>Stat</span> <span class='ocrx_word' id='word_1_36' title='bbox 1081 466 1223 498; x_wconf 80' lang='lat' dir='ltr'>defuncti</span> <span class='ocrx_word' id='word_1_37' title='bbox 1248 465 1388 504; x_wconf 89' lang='lat' dir='ltr'>spiritus.</span> 
     </span>
    </p>
   </div>
   <div class='ocr_carea' id='block_1_4' title="bbox 195 542 735 821">
    <p class='ocr_par' dir='ltr' id='par_1_4' title="bbox 195 542 735 821">
     <span class='ocr_line' id='line_1_14' title="bbox 195 542 735 586; baseline 0 -11"><span class='ocrx_word' id='word_1_38' title='bbox 195 543 226 575; x_wconf 87' lang='lat'>6.</span> <span class='ocrx_word' id='word_1_39' title='bbox 252 542 340 574; x_wconf 86' lang='lat' dir='ltr'>Pluit</span> <span class='ocrx_word' id='word_1_40' title='bbox 365 542 494 585; x_wconf 85' lang='lat' dir='ltr'>imbres,</span> <span class='ocrx_word' id='word_1_41' title='bbox 523 543 596 575; x_wconf 89' lang='lat' dir='ltr'>dum</span> <span class='ocrx_word' id='word_1_42' title='bbox 623 544 735 586; x_wconf 83' lang='lat' dir='ltr'>oravit,</span> 
     </span>
     <span class='ocr_line' id='line_1_15' title="bbox 300 589 629 632; baseline 0 -10"><span class='ocrx_word' id='word_1_43' title='bbox 300 589 370 623; x_wconf 84' lang='lat' dir='ltr'>Sibi</span> <span class='ocrx_word' id='word_1_44' title='bbox 394 592 428 621; x_wconf 78' lang='lat' dir='ltr'>et</span> <span class='ocrx_word' id='word_1_45' title='bbox 452 591 629 632; x_wconf 72' lang='lat' dir='ltr'>discipulis,</span> 
     </span>
     <span class='ocr_line' id='line_1_16' title="bbox 251 638 714 681; baseline 0.002 -12"><span class='ocrx_word' id='word_1_46' title='bbox 251 638 394 679; x_wconf 85' lang='lat' dir='ltr'>Angelus</span> <span class='ocrx_word' id='word_1_47' title='bbox 419 646 535 677; x_wconf 87' lang='lat' dir='ltr'>panem</span> <span class='ocrx_word' id='word_1_48' title='bbox 560 638 714 681; x_wconf 83' lang='lat' dir='ltr'>portavit,</span> 
     </span>
     <span class='ocr_line' id='line_1_17' title="bbox 300 684 700 728; baseline 0.003 -12"><span class='ocrx_word' id='word_1_49' title='bbox 300 686 398 724; x_wconf 77' lang='lat' dir='ltr'>Quem</span> <span class='ocrx_word' id='word_1_50' title='bbox 426 684 535 717; x_wconf 82' lang='lat' dir='ltr'>divisit</span> <span class='ocrx_word' id='word_1_51' title='bbox 559 685 700 728; x_wconf 84' lang='lat' dir='ltr'>singulis,</span> 
     </span>
     <span class='ocr_line' id='line_1_18' title="bbox 252 732 721 773; baseline 0 -9"><span class='ocrx_word' id='word_1_52' title='bbox 252 732 359 773; x_wconf 87' lang='lat' dir='ltr'>Atque</span> <span class='ocrx_word' id='word_1_53' title='bbox 386 732 571 765; x_wconf 87' lang='lat' dir='ltr'>daemonem</span> <span class='ocrx_word' id='word_1_54' title='bbox 598 732 721 773; x_wconf 81' lang='lat' dir='ltr'>fugavit</span> 
     </span>
     <span class='ocr_line' id='line_1_19' title="bbox 300 779 715 821; baseline 0.005 -10"><span class='ocrx_word' id='word_1_55' title='bbox 300 779 379 812; x_wconf 89' lang='lat' dir='ltr'>Cum</span> <span class='ocrx_word' id='word_1_56' title='bbox 406 779 508 812; x_wconf 87' lang='lat' dir='ltr'>crucis</span> <span class='ocrx_word' id='word_1_57' title='bbox 533 780 715 821; x_wconf 82' lang='lat' dir='ltr'>signaculis.</span> 
     </span>
    </p>
   </div>
   <div class='ocr_carea' id='block_1_5' title="bbox 879 541 1442 820">
    <p class='ocr_par' dir='ltr' id='par_1_5' title="bbox 879 541 1442 630">
     <span class='ocr_line' id='line_1_20' title="bbox 879 541 1442 584; baseline -0.011 -6"><span class='ocrx_word' id='word_1_58' title='bbox 879 546 910 578; x_wconf 85' lang='lat'>8.</span> <span class='ocrx_word' id='word_1_59' title='bbox 939 544 1030 584; x_wconf 78' lang='lat' dir='ltr'>Quod</span> <span class='ocrx_word' id='word_1_60' title='bbox 1054 543 1102 576; x_wconf 89' lang='lat' dir='ltr'>sic</span> <span class='ocrx_word' id='word_1_61' title='bbox 1125 543 1215 583; x_wconf 82' lang='lat' dir='ltr'>signa</span> <span class='ocrx_word' id='word_1_62' title='bbox 1241 541 1442 573; x_wconf 81' lang='lat' dir='ltr'>dominantur</span> 
     </span>
     <span class='ocr_line' id='line_1_21' title="bbox 983 589 1315 630; baseline -0.009 -6"><span class='ocrx_word' id='word_1_63' title='bbox 983 592 1022 625; x_wconf 84' lang='lat' dir='ltr'>In</span> <span class='ocrx_word' id='word_1_64' title='bbox 1046 590 1140 630; x_wconf 78' lang='lat' dir='ltr'>hujus</span> <span class='ocrx_word' id='word_1_65' title='bbox 1161 589 1315 630; x_wconf 79' lang='lat' dir='ltr'>vestigiis,</span> 
     </span>
    </p>

    <p class='ocr_par' dir='ltr' id='par_1_6' title="bbox 934 636 1395 820">
     <span class='ocr_line' id='line_1_22' title="bbox 936 636 1395 671; baseline -0.009 0"><span class='ocrx_word' id='word_1_66' title='bbox 936 639 1026 671; x_wconf 85' lang='lat' dir='ltr'>Mors</span> <span class='ocrx_word' id='word_1_67' title='bbox 1052 640 1083 669; x_wconf 83' lang='lat' dir='ltr'>et</span> <span class='ocrx_word' id='word_1_68' title='bbox 1105 638 1172 671; x_wconf 83' lang='lat' dir='ltr'>vita</span> <span class='ocrx_word' id='word_1_69' title='bbox 1196 636 1395 669; x_wconf 84' lang='lat' dir='ltr'>admirantur</span> 
     </span>
     <span class='ocr_line' id='line_1_23' title="bbox 983 684 1341 726; baseline -0.006 -8"><span class='ocrx_word' id='word_1_70' title='bbox 983 685 1129 719; x_wconf 84' lang='lat' dir='ltr'>Excelsis</span> <span class='ocrx_word' id='word_1_71' title='bbox 1153 684 1341 726; x_wconf 85' lang='lat' dir='ltr'>praeconiis,</span> 
     </span>
     <span class='ocr_line' id='line_1_24' title="bbox 934 732 1364 775; baseline -0.009 -9"><span class='ocrx_word' id='word_1_72' title='bbox 934 734 1042 775; x_wconf 87' lang='lat' dir='ltr'>Atque</span> <span class='ocrx_word' id='word_1_73' title='bbox 1063 733 1143 765; x_wconf 82' lang='lat' dir='ltr'>ooeli</span> <span class='ocrx_word' id='word_1_74' title='bbox 1165 732 1364 773; x_wconf 85' lang='lat' dir='ltr'>gratulantur</span> 
     </span>
     <span class='ocr_line' id='line_1_25' title="bbox 983 779 1344 820; baseline -0.011 -6"><span class='ocrx_word' id='word_1_75' title='bbox 983 780 1033 814; x_wconf 88' lang='lat' dir='ltr'>De</span> <span class='ocrx_word' id='word_1_76' title='bbox 1057 781 1154 813; x_wconf 83' lang='lat' dir='ltr'>tantis</span> <span class='ocrx_word' id='word_1_77' title='bbox 1179 779 1344 820; x_wconf 82' lang='lat' dir='ltr'>prodigiis.</span> 
     </span>
    </p>
   </div>
   <div class='ocr_carea' id='block_1_6' title="bbox 546 856 1109 1134">
    <p class='ocr_par' dir='ltr' id='par_1_7' title="bbox 546 856 1109 1134">
     <span class='ocr_line' id='line_1_26' title="bbox 546 856 908 900; baseline -0.003 -10"><span class='ocrx_word' id='word_1_78' title='bbox 546 858 577 890; x_wconf 82' lang='lat'>9.</span> <span class='ocrx_word' id='word_1_79' title='bbox 605 856 766 900; x_wconf 74' lang='lat' dir='ltr'>Trinitati,</span> <span class='ocrx_word' id='word_1_80' title='bbox 793 857 908 889; x_wconf 83' lang='lat' dir='ltr'>unitati</span> 
     </span>
     <span class='ocr_line' id='line_1_27' title="bbox 657 903 1045 947; baseline 0 -12"><span class='ocrx_word' id='word_1_81' title='bbox 657 903 776 936; x_wconf 84' lang='lat' dir='ltr'>Mirum</span> <span class='ocrx_word' id='word_1_82' title='bbox 802 904 844 936; x_wconf 86' lang='lat' dir='ltr'>sit</span> <span class='ocrx_word' id='word_1_83' title='bbox 867 905 1045 947; x_wconf 88' lang='lat' dir='ltr'>imperium,</span> 
     </span>
     <span class='ocr_line' id='line_1_28' title="bbox 609 951 977 991; baseline 0 -8"><span class='ocrx_word' id='word_1_84' title='bbox 609 951 739 983; x_wconf 90' lang='lat' dir='ltr'>Nomini</span> <span class='ocrx_word' id='word_1_85' title='bbox 762 952 865 991; x_wconf 84' lang='lat' dir='ltr'>patris</span> <span class='ocrx_word' id='word_1_86' title='bbox 891 952 977 984; x_wconf 91' lang='lat' dir='ltr'>beati</span> 
     </span>
     <span class='ocr_line' id='line_1_29' title="bbox 653 999 1109 1040; baseline 0 -10"><span class='ocrx_word' id='word_1_87' title='bbox 653 999 805 1040; x_wconf 86' lang='lat' dir='ltr'>Magnum</span> <span class='ocrx_word' id='word_1_88' title='bbox 829 999 873 1030; x_wconf 85' lang='lat' dir='ltr'>sit</span> <span class='ocrx_word' id='word_1_89' title='bbox 896 999 1109 1040; x_wconf 84' lang='lat' dir='ltr'>praeconium,</span> 
     </span>
     <span class='ocr_line' id='line_1_30' title="bbox 607 1045 960 1085; baseline 0 -7"><span class='ocrx_word' id='word_1_90' title='bbox 607 1045 667 1085; x_wconf 77' lang='lat' dir='ltr'>Qui</span> <span class='ocrx_word' id='word_1_91' title='bbox 692 1055 799 1078; x_wconf 86' lang='lat' dir='ltr'>amore</span> <span class='ocrx_word' id='word_1_92' title='bbox 826 1046 960 1079; x_wconf 82' lang='lat' dir='ltr'>divinati</span> 
     </span>
     <span class='ocr_line' id='line_1_31' title="bbox 656 1093 1070 1134; baseline 0.005 -8"><span class='ocrx_word' id='word_1_93' title='bbox 656 1093 760 1126; x_wconf 81' lang='lat' dir='ltr'>Nobis</span> <span class='ocrx_word' id='word_1_94' title='bbox 785 1095 840 1126; x_wconf 85' lang='lat' dir='ltr'>det</span> <span class='ocrx_word' id='word_1_95' title='bbox 864 1093 1070 1134; x_wconf 79' lang='lat' dir='ltr'>praesidium.</span> 
     </span>
    </p>
   </div>
   <div class='ocr_carea' id='block_1_7' title="bbox 191 1175 1505 1367">
    <p class='ocr_par' dir='ltr' id='par_1_8' title="bbox 191 1175 1505 1367">
     <span class='ocr_line' id='line_1_32' title="bbox 270 1175 1505 1207; baseline -0.001 -1"><span class='ocrx_word' id='word_1_96' title='bbox 270 1179 354 1206; x_wconf 79' lang='lat' dir='ltr'>Brev.</span> <span class='ocrx_word' id='word_1_97' title='bbox 375 1186 429 1206; x_wconf 83' lang='lat' dir='ltr'>ms.</span> <span class='ocrx_word' id='word_1_98' title='bbox 442 1178 722 1207; x_wconf 78' lang='lat' dir='ltr'>Vallumbrosanum</span> <span class='ocrx_word' id='word_1_99' title='bbox 740 1186 816 1206; x_wconf 82' lang='lat' dir='ltr'>saec.</span> <span class='ocrx_word' id='word_1_100' title='bbox 832 1176 877 1206; x_wconf 81' lang='lat'>15.</span> <span class='ocrx_word' id='word_1_101' title='bbox 897 1180 938 1206; x_wconf 85' lang='lat' dir='ltr'>in.</span> <span class='ocrx_word' id='word_1_102' title='bbox 969 1178 1039 1207; x_wconf 85' lang='lat' dir='ltr'>God.</span> <span class='ocrx_word' id='word_1_103' title='bbox 1052 1178 1216 1206; x_wconf 76' lang='lat' dir='ltr'>Londinen.</span> <span class='ocrx_word' id='word_1_104' title='bbox 1230 1179 1319 1206; x_wconf 82' lang='lat' dir='ltr'>Eum.</span> <span class='ocrx_word' id='word_1_105' title='bbox 1339 1175 1405 1205; x_wconf 84' lang='lat'><strong>333.</strong></span> <span class='ocrx_word' id='word_1_106' title='bbox 1418 1177 1452 1205; x_wconf 75' lang='lat' dir='ltr'>A.</span> <span class='ocrx_word' id='word_1_107' title='bbox 1466 1193 1505 1197; x_wconf 90' lang='lat'>-—</span> 
     </span>
     <span class='ocr_line' id='line_1_33' title="bbox 191 1214 1503 1245; baseline -0.001 -1"><span class='ocrx_word' id='word_1_108' title='bbox 191 1217 277 1244; x_wconf 76' lang='lat' dir='ltr'>BreV.</span> <span class='ocrx_word' id='word_1_109' title='bbox 293 1224 346 1244; x_wconf 88' lang='lat' dir='ltr'>ms.</span> <span class='ocrx_word' id='word_1_110' title='bbox 372 1216 653 1245; x_wconf 82' lang='lat' dir='ltr'>Vallumbrosanum</span> <span class='ocrx_word' id='word_1_111' title='bbox 673 1225 749 1245; x_wconf 78' lang='lat' dir='ltr'>saec,</span> <span class='ocrx_word' id='word_1_112' title='bbox 773 1215 817 1244; x_wconf 89' lang='grc'>15.</span> <span class='ocrx_word' id='word_1_113' title='bbox 859 1217 928 1245; x_wconf 84' lang='lat' dir='ltr'>Cod.</span> <span class='ocrx_word' id='word_1_114' title='bbox 948 1217 1129 1245; x_wconf 78' lang='lat' dir='ltr'>Trivulzian.</span> <span class='ocrx_word' id='word_1_115' title='bbox 1151 1214 1216 1243; x_wconf 82' lang='lat'>265.</span> <span class='ocrx_word' id='word_1_116' title='bbox 1235 1216 1268 1244; x_wconf 85' lang='grc' dir='ltr'>Β.</span> <span class='ocrx_word' id='word_1_117' title='bbox 1289 1231 1326 1234; x_wconf 92' lang='grc'>-</span> <span class='ocrx_word' id='word_1_118' title='bbox 1345 1215 1430 1243; x_wconf 79' lang='lat' dir='ltr'>Brev.</span> <span class='ocrx_word' id='word_1_119' title='bbox 1450 1224 1503 1243; x_wconf 85' lang='lat' dir='ltr'>ms.</span> 
     </span>
     <span class='ocr_line' id='line_1_34' title="bbox 192 1252 1503 1283; baseline -0.002 -1"><span class='ocrx_word' id='word_1_120' title='bbox 192 1254 222 1282; x_wconf 81' lang='lat' dir='ltr'>S.</span> <span class='ocrx_word' id='word_1_121' title='bbox 246 1254 342 1282; x_wconf 85' lang='lat' dir='ltr'>Salvii</span> <span class='ocrx_word' id='word_1_122' title='bbox 355 1255 520 1282; x_wconf 74' lang='lat' dir='ltr'>Fici-entim·</span> <span class='ocrx_word' id='word_1_123' title='bbox 540 1263 617 1283; x_wconf 82' lang='lat' dir='ltr'>saec.</span> <span class='ocrx_word' id='word_1_124' title='bbox 640 1252 678 1283; x_wconf 20' lang='lat'>15¹</span> <span class='ocrx_word' id='word_1_125' title='bbox 720 1255 789 1283; x_wconf 85' lang='lat' dir='ltr'>Cod.</span> <span class='ocrx_word' id='word_1_126' title='bbox 803 1254 988 1283; x_wconf 83' lang='lat' dir='ltr'>Riccardian.</span> <span class='ocrx_word' id='word_1_127' title='bbox 1009 1252 1073 1282; x_wconf 84' lang='lat'><strong>372.</strong></span> <span class='ocrx_word' id='word_1_128' title='bbox 1090 1253 1121 1281; x_wconf 81' lang='lat' dir='ltr'>C.</span> <span class='ocrx_word' id='word_1_129' title='bbox 1140 1270 1175 1274; x_wconf 91' lang='lat'>—-</span> <span class='ocrx_word' id='word_1_130' title='bbox 1187 1254 1273 1282; x_wconf 86' lang='lat' dir='ltr'>Brev.</span> <span class='ocrx_word' id='word_1_131' title='bbox 1293 1263 1346 1282; x_wconf 88' lang='lat' dir='ltr'>ms.</span> <span class='ocrx_word' id='word_1_132' title='bbox 1361 1253 1392 1281; x_wconf 79' lang='lat' dir='ltr'>S.</span> <span class='ocrx_word' id='word_1_133' title='bbox 1406 1254 1503 1282; x_wconf 86' lang='lat' dir='ltr'>Trini-</span> 
     </span>
     <span class='ocr_line' id='line_1_35' title="bbox 192 1289 1503 1329; baseline -0.001 -10"><span class='ocrx_word' id='word_1_134' title='bbox 192 1294 262 1320; x_wconf 78' lang='lat' dir='ltr'>tatis</span> <span class='ocrx_word' id='word_1_135' title='bbox 292 1294 323 1320; x_wconf 89' lang='lat' dir='ltr'>in</span> <span class='ocrx_word' id='word_1_136' title='bbox 343 1293 468 1329; x_wconf 87' lang='lat' dir='ltr'>Alpibus</span> <span class='ocrx_word' id='word_1_137' title='bbox 496 1295 567 1320; x_wconf 84' lang='lat' dir='ltr'>anni</span> <span class='ocrx_word' id='word_1_138' title='bbox 596 1291 678 1321; x_wconf 42' lang='lat'>1455,</span> <span class='ocrx_word' id='word_1_139' title='bbox 719 1293 787 1321; x_wconf 82' lang='lat' dir='ltr'>Ood.</span> <span class='ocrx_word' id='word_1_140' title='bbox 807 1294 997 1321; x_wconf 81' lang='lat' dir='ltr'>Laurentian.</span> <span class='ocrx_word' id='word_1_141' title='bbox 1020 1292 1110 1320; x_wconf 82' lang='lat' dir='ltr'>Conv.</span> <span class='ocrx_word' id='word_1_142' title='bbox 1133 1301 1196 1328; x_wconf 88' lang='lat' dir='ltr'>sup.</span> <span class='ocrx_word' id='word_1_143' title='bbox 1217 1289 1282 1320; x_wconf 82' lang='lat'>512.</span> <span class='ocrx_word' id='word_1_144' title='bbox 1302 1293 1340 1320; x_wconf 72' lang='lat' dir='ltr'>D,</span> <span class='ocrx_word' id='word_1_145' title='bbox 1362 1307 1398 1311; x_wconf 91' lang='lat'><strong>—</strong></span> <span class='ocrx_word' id='word_1_146' title='bbox 1418 1292 1503 1320; x_wconf 84' lang='lat' dir='ltr'>Brev.</span> 
     </span>
     <span class='ocr_line' id='line_1_36' title="bbox 192 1330 804 1367; baseline 0.002 -9"><span class='ocrx_word' id='word_1_147' title='bbox 192 1330 476 1359; x_wconf 86' lang='lat' dir='ltr'>Vallumbrosanum</span> <span class='ocrx_word' id='word_1_148' title='bbox 495 1332 564 1367; x_wconf 89' lang='lat' dir='ltr'>imp.</span> <span class='ocrx_word' id='word_1_149' title='bbox 588 1339 610 1358; x_wconf 91' lang='lat' dir='ltr'>s.</span> <span class='ocrx_word' id='word_1_150' title='bbox 631 1332 651 1359; x_wconf 93' lang='lat'>1.</span> <span class='ocrx_word' id='word_1_151' title='bbox 673 1333 702 1359; x_wconf 75' lang='lat' dir='ltr'>et</span> <span class='ocrx_word' id='word_1_152' title='bbox 722 1340 749 1359; x_wconf 85' lang='lat' dir='ltr'>a.</span> <span class='ocrx_word' id='word_1_153' title='bbox 768 1331 804 1359; x_wconf 87' lang='grc' dir='ltr'>Ε.</span> 
     </span>
    </p>
   </div>
   <div class='ocr_carea' id='block_1_8' title="bbox 576 1460 1128 1568">
    <p class='ocr_par' dir='ltr' id='par_1_9' title="bbox 576 1460 1128 1568">
     <span class='ocr_line' id='line_1_37' title="bbox 576 1460 1128 1493; baseline -0.005 -1"><span class='ocrx_word' id='word_1_154' title='bbox 576 1460 644 1492; x_wconf 84' lang='grc'><strong>243.</strong></span> <span class='ocrx_word' id='word_1_155' title='bbox 675 1461 718 1492; x_wconf 85' lang='lat' dir='ltr'>De</span> <span class='ocrx_word' id='word_1_156' title='bbox 741 1468 766 1493; x_wconf 83' lang='lat' dir='ltr'>s.</span> <span class='ocrx_word' id='word_1_157' title='bbox 789 1461 929 1493; x_wconf 85' lang='lat' dir='ltr'>Johannc</span> <span class='ocrx_word' id='word_1_158' title='bbox 951 1461 1128 1493; x_wconf 79' lang='lat' dir='ltr'>Gualberto.</span> 
     </span>
     <span class='ocr_line' id='line_1_38' title="bbox 749 1537 946 1568; baseline -0.01 0"><span class='ocrx_word' id='word_1_159' title='bbox 749 1537 798 1568; x_wconf 84' lang='lat' dir='ltr'>Ad</span> <span class='ocrx_word' id='word_1_160' title='bbox 816 1538 946 1568; x_wconf 84' lang='lat' dir='ltr'>Laudes.</span> 
     </span>
    </p>
   </div>
   <div class='ocr_carea' id='block_1_9' title="bbox 193 1618 760 1793">
    <p class='ocr_par' dir='ltr' id='par_1_10' title="bbox 193 1618 760 1793">
     <span class='ocr_line' id='line_1_39' title="bbox 193 1618 705 1658; baseline -0.008 -6"><span class='ocrx_word' id='word_1_161' title='bbox 193 1618 224 1652; x_wconf 80' lang='lat'>1.</span> <span class='ocrx_word' id='word_1_162' title='bbox 252 1618 425 1658; x_wconf 85' lang='lat' dir='ltr'>Johannes,</span> <span class='ocrx_word' id='word_1_163' title='bbox 454 1618 557 1649; x_wconf 88' lang='lat' dir='ltr'>clarus</span> <span class='ocrx_word' id='word_1_164' title='bbox 579 1625 705 1657; x_wconf 85' lang='lat' dir='ltr'>genere,</span> 
     </span>
     <span class='ocr_line' id='line_1_40' title="bbox 251 1664 685 1707; baseline -0.002 -10"><span class='ocrx_word' id='word_1_165' title='bbox 251 1665 391 1698; x_wconf 87' lang='lat' dir='ltr'>Pudicus</span> <span class='ocrx_word' id='word_1_166' title='bbox 416 1664 534 1699; x_wconf 85' lang='lat' dir='ltr'>mundo</span> <span class='ocrx_word' id='word_1_167' title='bbox 562 1664 685 1707; x_wconf 77' lang='lat' dir='ltr'>claruit,</span> 
     </span>
     <span class='ocr_line' id='line_1_41' title="bbox 251 1713 760 1752; baseline -0.002 -7"><span class='ocrx_word' id='word_1_168' title='bbox 251 1713 348 1752; x_wconf 77' lang='lat' dir='ltr'>Quem</span> <span class='ocrx_word' id='word_1_169' title='bbox 375 1721 431 1745; x_wconf 89' lang='lat' dir='ltr'>suo</span> <span class='ocrx_word' id='word_1_170' title='bbox 459 1713 604 1747; x_wconf 87' lang='lat' dir='ltr'>Christus</span> <span class='ocrx_word' id='word_1_171' title='bbox 629 1721 760 1745; x_wconf 87' lang='lat' dir='ltr'>munere</span> 
     </span>
     <span class='ocr_line' id='line_1_42' title="bbox 251 1760 602 1793; baseline -0.003 -1"><span class='ocrx_word' id='word_1_172' title='bbox 251 1760 370 1793; x_wconf 88' lang='lat' dir='ltr'>Salutis</span> <span class='ocrx_word' id='word_1_173' title='bbox 395 1761 458 1792; x_wconf 76' lang='lat' dir='ltr'>iter</span> <span class='ocrx_word' id='word_1_174' title='bbox 485 1761 602 1793; x_wconf 74' lang='lat' dir='ltr'>docuit.</span> 
     </span>
    </p>
   </div>
   <div class='ocr_carea' id='block_1_10' title="bbox 193 1836 681 1923">
    <p class='ocr_par' dir='ltr' id='par_1_11' title="bbox 193 1836 681 1923">
     <span class='ocr_line' id='line_1_43' title="bbox 193 1836 681 1870; baseline -0.006 0"><span class='ocrx_word' id='word_1_175' title='bbox 193 1839 224 1870; x_wconf 87' lang='lat'>2.</span> <span class='ocrx_word' id='word_1_176' title='bbox 250 1837 346 1868; x_wconf 87' lang='lat' dir='ltr'>Vitae</span> <span class='ocrx_word' id='word_1_177' title='bbox 370 1837 531 1870; x_wconf 83' lang='lat' dir='ltr'>Johaunes</span> <span class='ocrx_word' id='word_1_178' title='bbox 556 1836 681 1868; x_wconf 79' lang='lat' dir='ltr'>studuit,</span> 
     </span>
     <span class='ocr_line' id='line_1_44' title="bbox 257 1883 633 1923; baseline -0.008 -6"><span class='ocrx_word' id='word_1_179' title='bbox 257 1885 295 1917; x_wconf 90' lang='lat' dir='ltr'>In</span> <span class='ocrx_word' id='word_1_180' title='bbox 321 1884 435 1916; x_wconf 87' lang='lat' dir='ltr'>umbra</span> <span class='ocrx_word' id='word_1_181' title='bbox 461 1883 633 1923; x_wconf 83' lang='lat' dir='ltr'>solitariae,</span> 
     </span>
    </p>
   </div>
   <div class='ocr_carea' id='block_1_11' title="bbox 251 1930 781 1972">
    <p class='ocr_par' dir='ltr' id='par_1_12' title="bbox 251 1930 781 1972">
     <span class='ocr_line' id='line_1_45' title="bbox 251 1930 781 1972; baseline -0.004 -8"><span class='ocrx_word' id='word_1_182' title='bbox 251 1931 348 1972; x_wconf 84' lang='lat' dir='ltr'>Spem</span> <span class='ocrx_word' id='word_1_183' title='bbox 374 1940 464 1964; x_wconf 88' lang='lat' dir='ltr'>suam</span> <span class='ocrx_word' id='word_1_184' title='bbox 489 1940 648 1971; x_wconf 84' lang='lat' dir='ltr'>nunquam</span> <span class='ocrx_word' id='word_1_185' title='bbox 674 1930 781 1970; x_wconf 75' lang='lat' dir='ltr'>posuit</span> 
     </span>
    </p>
   </div>
   <div class='ocr_carea' id='block_1_12' title="bbox 252 1978 592 2013">
    <p class='ocr_par' dir='ltr' id='par_1_13' title="bbox 252 1978 592 2013">
     <span class='ocr_line' id='line_1_46' title="bbox 252 1978 592 2013; baseline 0.003 -1"><span class='ocrx_word' id='word_1_186' title='bbox 252 1979 415 2012; x_wconf 85' lang='lat' dir='ltr'>Mundiali</span> <span class='ocrx_word' id='word_1_187' title='bbox 438 1978 592 2013; x_wconf 84' lang='lat' dir='ltr'>laetitiae.</span> 
     </span>
    </p>
   </div>
   <div class='ocr_carea' id='block_1_13' title="bbox 192 2055 761 2241">
    <p class='ocr_par' dir='ltr' id='par_1_14' title="bbox 192 2055 761 2241">
     <span class='ocr_line' id='line_1_47' title="bbox 192 2055 761 2096; baseline -0.009 -5"><span class='ocrx_word' id='word_1_188' title='bbox 192 2060 223 2092; x_wconf 86' lang='lat'>3.</span> <span class='ocrx_word' id='word_1_189' title='bbox 252 2057 369 2096; x_wconf 80' lang='lat' dir='ltr'>Quanti</span> <span class='ocrx_word' id='word_1_190' title='bbox 394 2058 523 2089; x_wconf 84' lang='lat' dir='ltr'>sanctus</span> <span class='ocrx_word' id='word_1_191' title='bbox 548 2056 589 2088; x_wconf 88' lang='lat' dir='ltr'>sit</span> <span class='ocrx_word' id='word_1_192' title='bbox 614 2055 761 2096; x_wconf 89' lang='lat' dir='ltr'>nominis,</span> 
     </span>
     <span class='ocr_line' id='line_1_48' title="bbox 251 2104 658 2147; baseline -0.005 -10"><span class='ocrx_word' id='word_1_193' title='bbox 251 2105 401 2137; x_wconf 83' lang='lat' dir='ltr'>Testetur</span> <span class='ocrx_word' id='word_1_194' title='bbox 422 2104 480 2136; x_wconf 86' lang='lat' dir='ltr'>ille</span> <span class='ocrx_word' id='word_1_195' title='bbox 503 2106 658 2147; x_wconf 86' lang='lat' dir='ltr'>mortuus,</span> 
     </span>
     <span class='ocr_line' id='line_1_49' title="bbox 250 2152 661 2187; baseline -0.01 0"><span class='ocrx_word' id='word_1_196' title='bbox 250 2153 344 2187; x_wconf 80' lang='lat' dir='ltr'>Nexu</span> <span class='ocrx_word' id='word_1_197' title='bbox 370 2153 493 2186; x_wconf 89' lang='lat' dir='ltr'>solutus</span> <span class='ocrx_word' id='word_1_198' title='bbox 519 2152 661 2184; x_wconf 87' lang='lat' dir='ltr'>criminis</span> 
     </span>
     <span class='ocr_line' id='line_1_50' title="bbox 249 2200 699 2241; baseline -0.004 -8"><span class='ocrx_word' id='word_1_199' title='bbox 249 2201 309 2241; x_wconf 78' lang='lat' dir='ltr'>Qui</span> <span class='ocrx_word' id='word_1_200' title='bbox 336 2201 424 2233; x_wconf 86' lang='lat' dir='ltr'>coelo</span> <span class='ocrx_word' id='word_1_201' title='bbox 448 2203 497 2232; x_wconf 77' lang='lat' dir='ltr'>est</span> <span class='ocrx_word' id='word_1_202' title='bbox 523 2200 699 2232; x_wconf 81' lang='lat' dir='ltr'>continuus.</span> 
     </span>
    </p>
   </div>
   <div class='ocr_carea' id='block_1_14' title="bbox 188 2276 704 2464">
    <p class='ocr_par' dir='ltr' id='par_1_15' title="bbox 188 2276 704 2464">
     <span class='ocr_line' id='line_1_51' title="bbox 188 2276 655 2313; baseline -0.011 0"><span class='ocrx_word' id='word_1_203' title='bbox 188 2281 222 2313; x_wconf 78' lang='lat'>4.</span> <span class='ocrx_word' id='word_1_204' title='bbox 246 2279 339 2313; x_wconf 83' lang='lat' dir='ltr'>Patri</span> <span class='ocrx_word' id='word_1_205' title='bbox 365 2277 504 2311; x_wconf 81' lang='lat' dir='ltr'>Johanni</span> <span class='ocrx_word' id='word_1_206' title='bbox 529 2276 655 2311; x_wconf 75' lang='lat' dir='ltr'>fabrica</span> 
     </span>
     <span class='ocr_line' id='line_1_52' title="bbox 251 2325 682 2367; baseline -0.005 -7"><span class='ocrx_word' id='word_1_207' title='bbox 251 2327 491 2366; x_wconf 88' lang='lat' dir='ltr'>Domorumque</span> <span class='ocrx_word' id='word_1_208' title='bbox 518 2325 682 2367; x_wconf 85' lang='lat' dir='ltr'>displicuit</span> 
     </span>
     <span class='ocr_line' id='line_1_53' title="bbox 254 2373 704 2417; baseline -0.004 -10"><span class='ocrx_word' id='word_1_209' title='bbox 254 2375 386 2416; x_wconf 82' lang='lat' dir='ltr'>Terrae,</span> <span class='ocrx_word' id='word_1_210' title='bbox 413 2374 521 2407; x_wconf 72' lang='lat' dir='ltr'>statim</span> <span class='ocrx_word' id='word_1_211' title='bbox 544 2373 582 2406; x_wconf 74' lang='lat' dir='ltr'>fit</span> <span class='ocrx_word' id='word_1_212' title='bbox 606 2374 704 2417; x_wconf 66' lang='lat' dir='ltr'>ruina,</span> 
     </span>
     <span class='ocr_line' id='line_1_54' title="bbox 249 2420 682 2464; baseline 0 -8"><span class='ocrx_word' id='word_1_213' title='bbox 249 2422 283 2457; x_wconf 84' lang='lat' dir='ltr'>Si</span> <span class='ocrx_word' id='word_1_214' title='bbox 309 2432 428 2464; x_wconf 83' lang='lat' dir='ltr'>parvus</span> <span class='ocrx_word' id='word_1_215' title='bbox 455 2422 543 2456; x_wconf 84' lang='lat' dir='ltr'>rivus</span> <span class='ocrx_word' id='word_1_216' title='bbox 568 2420 682 2456; x_wconf 87' lang='lat' dir='ltr'>influit.</span> 
     </span>
    </p>
   </div>
   <div class='ocr_carea' id='block_1_15' title="bbox 247 2482 593 2512">
    <p class='ocr_par' dir='ltr' id='par_1_16' title="bbox 247 2482 593 2512">
     <span class='ocr_line' id='line_1_55' title="bbox 247 2482 593 2512; baseline -0.006 -5"><span class='ocrx_word' id='word_1_217' title='bbox 247 2483 375 2512; x_wconf 70' lang='lat' dir='ltr'>moves,</span> <span class='ocrx_word' id='word_1_218' title='bbox 391 2482 480 2512; x_wconf 76' lang='lat' dir='ltr'>Hymni</span> <span class='ocrx_word' id='word_1_219' title='bbox 494 2482 593 2506; x_wconf 75' lang='lat' dir='ltr'>Inediti.</span> 
     </span>
    </p>
   </div>
   <div class='ocr_carea' id='block_1_16' title="bbox 882 1614 1366 1657">
    <p class='ocr_par' dir='ltr' id='par_1_17' title="bbox 882 1614 1366 1657">
     <span class='ocr_line' id='line_1_56' title="bbox 882 1614 1366 1657; baseline -0.008 -7"><span class='ocrx_word' id='word_1_220' title='bbox 882 1618 913 1650; x_wconf 83' lang='lat'>5.</span> <span class='ocrx_word' id='word_1_221' title='bbox 941 1617 1039 1649; x_wconf 81' lang='lat' dir='ltr'>Pater</span> <span class='ocrx_word' id='word_1_222' title='bbox 1064 1614 1227 1656; x_wconf 84' lang='lat' dir='ltr'>perfectus</span> <span class='ocrx_word' id='word_1_223' title='bbox 1253 1615 1366 1657; x_wconf 83' lang='lat' dir='ltr'>gratia,</span> 
     </span>
    </p>
   </div>
   <div class='ocr_carea' id='block_1_17' title="bbox 934 1662 1379 1800">
    <p class='ocr_par' dir='ltr' id='par_1_18' title="bbox 934 1662 1379 1800">
     <span class='ocr_line' id='line_1_57' title="bbox 934 1662 1379 1701; baseline -0.004 -5"><span class='ocrx_word' id='word_1_224' title='bbox 934 1664 1041 1696; x_wconf 84' lang='lat' dir='ltr'>Decus</span> <span class='ocrx_word' id='word_1_225' title='bbox 1070 1663 1191 1696; x_wconf 87' lang='lat' dir='ltr'>Christi</span> <span class='ocrx_word' id='word_1_226' title='bbox 1216 1662 1379 1701; x_wconf 83' lang='lat' dir='ltr'>ecclesiae,</span> 
     </span>
     <span class='ocr_line' id='line_1_58' title="bbox 935 1710 1300 1753; baseline -0.008 -9"><span class='ocrx_word' id='word_1_227' title='bbox 935 1712 1093 1753; x_wconf 84' lang='lat' dir='ltr'>Angelica</span> <span class='ocrx_word' id='word_1_228' title='bbox 1118 1710 1300 1751; x_wconf 86' lang='lat' dir='ltr'>praesentia</span> 
     </span>
     <span class='ocr_line' id='line_1_59' title="bbox 938 1758 1379 1800; baseline -0.007 -8"><span class='ocrx_word' id='word_1_229' title='bbox 938 1759 1094 1800; x_wconf 87' lang='lat' dir='ltr'>Spiritum</span> <span class='ocrx_word' id='word_1_230' title='bbox 1119 1758 1227 1791; x_wconf 89' lang='lat' dir='ltr'>reddit</span> <span class='ocrx_word' id='word_1_231' title='bbox 1250 1758 1379 1799; x_wconf 83' lang='lat' dir='ltr'>gloriae.</span> 
     </span>
    </p>
   </div>
   <div class='ocr_carea' id='block_1_18' title="bbox 879 1835 1422 1875">
    <p class='ocr_par' dir='ltr' id='par_1_19' title="bbox 879 1835 1422 1875">
     <span class='ocr_line' id='line_1_60' title="bbox 879 1835 1422 1875; baseline -0.007 -6"><span class='ocrx_word' id='word_1_232' title='bbox 879 1838 910 1869; x_wconf 90' lang='lat'>6.</span> <span class='ocrx_word' id='word_1_233' title='bbox 935 1836 990 1868; x_wconf 91' lang='lat' dir='ltr'>Ad</span> <span class='ocrx_word' id='word_1_234' title='bbox 1015 1835 1117 1875; x_wconf 82' lang='lat' dir='ltr'>patris</span> <span class='ocrx_word' id='word_1_235' title='bbox 1142 1835 1245 1867; x_wconf 88' lang='lat' dir='ltr'>sancti</span> <span class='ocrx_word' id='word_1_236' title='bbox 1269 1835 1422 1866; x_wconf 85' lang='lat' dir='ltr'>tumulum</span> 
     </span>
    </p>
   </div>
   <div class='ocr_carea' id='block_1_19' title="bbox 939 1882 1427 2017">
    <p class='ocr_par' dir='ltr' id='par_1_20' title="bbox 939 1882 1427 2017">
     <span class='ocr_line' id='line_1_61' title="bbox 939 1882 1386 1924; baseline -0.004 -9"><span class='ocrx_word' id='word_1_237' title='bbox 939 1884 998 1923; x_wconf 82' lang='lat' dir='ltr'>Qui</span> <span class='ocrx_word' id='word_1_238' title='bbox 1022 1882 1159 1923; x_wconf 84' lang='lat' dir='ltr'>populus</span> <span class='ocrx_word' id='word_1_239' title='bbox 1186 1885 1386 1924; x_wconf 84' lang='lat' dir='ltr'>convenerat,</span> 
     </span>
     <span class='ocr_line' id='line_1_62' title="bbox 939 1928 1427 1971; baseline 0.002 -9"><span class='ocrx_word' id='word_1_240' title='bbox 939 1930 1043 1962; x_wconf 82' lang='lat' dir='ltr'>Sumit</span> <span class='ocrx_word' id='word_1_241' title='bbox 1066 1930 1233 1963; x_wconf 84' lang='lat' dir='ltr'>abundans</span> <span class='ocrx_word' id='word_1_242' title='bbox 1258 1928 1427 1971; x_wconf 84' lang='lat' dir='ltr'>ferculum,</span> 
     </span>
     <span class='ocr_line' id='line_1_63' title="bbox 940 1977 1415 2017; baseline 0.002 -7"><span class='ocrx_word' id='word_1_243' title='bbox 940 1978 1030 2017; x_wconf 74' lang='lat' dir='ltr'>Quod</span> <span class='ocrx_word' id='word_1_244' title='bbox 1056 1977 1215 2010; x_wconf 88' lang='lat' dir='ltr'>modicum</span> <span class='ocrx_word' id='word_1_245' title='bbox 1240 1979 1415 2012; x_wconf 74' lang='lat' dir='ltr'>invenerat.</span> 
     </span>
    </p>
   </div>
   <div class='ocr_carea' id='block_1_20' title="bbox 905 2055 1320 2095">
    <p class='ocr_par' dir='ltr' id='par_1_21' title="bbox 905 2055 1320 2095">
     <span class='ocr_line' id='line_1_64' title="bbox 905 2055 1320 2095; baseline -0.002 -7"><span class='ocrx_word' id='word_1_246' title='bbox 905 2081 912 2088; x_wconf 91' lang='lat'><em>.</em></span> <span class='ocrx_word' id='word_1_247' title='bbox 939 2055 1046 2087; x_wconf 88' lang='lat' dir='ltr'>Febre</span> <span class='ocrx_word' id='word_1_248' title='bbox 1071 2057 1187 2087; x_wconf 82' lang='lat' dir='ltr'>vexata</span> <span class='ocrx_word' id='word_1_249' title='bbox 1211 2055 1320 2095; x_wconf 80' lang='lat' dir='ltr'>nimia,</span> 
     </span>
    </p>
   </div>
   <div class='ocr_carea' id='block_1_21' title="bbox 940 2102 1423 2238">
    <p class='ocr_par' dir='ltr' id='par_1_22' title="bbox 940 2102 1423 2238">
     <span class='ocr_line' id='line_1_65' title="bbox 941 2102 1423 2143; baseline -0.002 -8"><span class='ocrx_word' id='word_1_250' title='bbox 941 2103 1028 2143; x_wconf 74' lang='lat' dir='ltr'>Quae</span> <span class='ocrx_word' id='word_1_251' title='bbox 1051 2102 1172 2135; x_wconf 85' lang='lat' dir='ltr'>tumulo</span> <span class='ocrx_word' id='word_1_252' title='bbox 1198 2103 1423 2143; x_wconf 79' lang='lat' dir='ltr'>prosternitur,</span> 
     </span>
     <span class='ocr_line' id='line_1_66' title="bbox 942 2150 1400 2193; baseline 0 -10"><span class='ocrx_word' id='word_1_253' title='bbox 942 2150 1013 2183; x_wconf 82' lang='lat' dir='ltr'>Stat</span> <span class='ocrx_word' id='word_1_254' title='bbox 1038 2159 1117 2183; x_wconf 85' lang='lat' dir='ltr'>sana</span> <span class='ocrx_word' id='word_1_255' title='bbox 1143 2150 1263 2184; x_wconf 87' lang='lat' dir='ltr'>Christi</span> <span class='ocrx_word' id='word_1_256' title='bbox 1286 2150 1400 2193; x_wconf 82' lang='lat' dir='ltr'>gratia,</span> 
     </span>
     <span class='ocr_line' id='line_1_67' title="bbox 940 2199 1411 2238; baseline 0 -6"><span class='ocrx_word' id='word_1_257' title='bbox 940 2199 1101 2232; x_wconf 80' lang='lat' dir='ltr'>Johannes</span> <span class='ocrx_word' id='word_1_258' title='bbox 1129 2199 1203 2231; x_wconf 85' lang='lat' dir='ltr'>dum</span> <span class='ocrx_word' id='word_1_259' title='bbox 1226 2199 1411 2238; x_wconf 83' lang='lat' dir='ltr'>requiritur.</span> 
     </span>
    </p>
   </div>
   <div class='ocr_carea' id='block_1_22' title="bbox 908 2275 1376 2309">
    <p class='ocr_par' dir='ltr' id='par_1_23' title="bbox 908 2275 1376 2309">
     <span class='ocr_line' id='line_1_68' title="bbox 908 2275 1376 2309; baseline 0.002 -1"><span class='ocrx_word' id='word_1_260' title='bbox 908 2302 914 2308; x_wconf 92' lang='lat'>.</span> <span class='ocrx_word' id='word_1_261' title='bbox 941 2275 1098 2308; x_wconf 81' lang='lat' dir='ltr'>Detentos</span> <span class='ocrx_word' id='word_1_262' title='bbox 1124 2285 1144 2307; x_wconf 85' lang='lat' dir='ltr'>a</span> <span class='ocrx_word' id='word_1_263' title='bbox 1169 2275 1376 2309; x_wconf 86' lang='lat' dir='ltr'>daemonibus</span> 
     </span>
    </p>
   </div>
   <div class='ocr_carea' id='block_1_23' title="bbox 939 2324 1417 2463">
    <p class='ocr_par' dir='ltr' id='par_1_24' title="bbox 939 2324 1417 2463">
     <span class='ocr_line' id='line_1_69' title="bbox 940 2324 1393 2364; baseline 0.002 -8"><span class='ocrx_word' id='word_1_264' title='bbox 940 2324 1020 2364; x_wconf 84' lang='lat' dir='ltr'>Ejus</span> <span class='ocrx_word' id='word_1_265' title='bbox 1046 2326 1206 2356; x_wconf 77' lang='lat' dir='ltr'>sacratum</span> <span class='ocrx_word' id='word_1_266' title='bbox 1230 2324 1393 2357; x_wconf 84' lang='lat' dir='ltr'>brachium</span> 
     </span>
     <span class='ocr_line' id='line_1_70' title="bbox 942 2370 1417 2406; baseline 0.004 -2"><span class='ocrx_word' id='word_1_267' title='bbox 942 2371 1043 2405; x_wconf 82' lang='lat' dir='ltr'>Sanat</span> <span class='ocrx_word' id='word_1_268' title='bbox 1066 2376 1097 2404; x_wconf 82' lang='lat' dir='ltr'>et</span> <span class='ocrx_word' id='word_1_269' title='bbox 1123 2370 1246 2405; x_wconf 85' lang='lat' dir='ltr'>confert</span> <span class='ocrx_word' id='word_1_270' title='bbox 1272 2374 1417 2406; x_wconf 89' lang='lat' dir='ltr'>omnibus</span> 
     </span>
     <span class='ocr_line' id='line_1_71' title="bbox 939 2420 1416 2463; baseline 0.006 -10"><span class='ocrx_word' id='word_1_271' title='bbox 939 2420 1091 2462; x_wconf 81' lang='lat' dir='ltr'>Mag-num</span> <span class='ocrx_word' id='word_1_272' title='bbox 1118 2421 1231 2454; x_wconf 84' lang='lat' dir='ltr'>salutis</span> <span class='ocrx_word' id='word_1_273' title='bbox 1256 2422 1416 2463; x_wconf 82' lang='lat' dir='ltr'>gaudium.</span> 
     </span>
    </p>
   </div>
   <div class='ocr_carea' id='block_1_24' title="bbox 1305 2477 1340 2508">
    <p class='ocr_par' dir='ltr' id='par_1_25' title="bbox 1305 2477 1340 2508">
     <span class='ocr_line' id='line_1_72' title="bbox 1305 2477 1340 2508; baseline 0.029 -1"><span class='ocrx_word' id='word_1_274' title='bbox 1305 2477 1340 2508; x_wconf 88' lang='lat'>10</span> 
     </span>
    </p>
   </div>
  </div>
 </body>
</html>
