1651 2621
694 129 928 164 *31*

556 222 601 254 41.
630 223 674 254 De
695 223 803 254 sancto
824 221 952 254 Andron.
970 221 1068 254 Scoto.

687 301 736 331 Ad
754 300 946 331 Nocturnum.

159 375 190 406 1.
214 375 350 408 Demum
375 378 524 415 pervenit
547 378 728 423 Mammam,

220 422 360 456 Cernens
386 424 448 456 sibi
474 424 638 458 basilicam

217 470 328 503 Sancti
352 471 485 504 Martini
512 471 656 506 funditus

219 518 422 552 combustam
449 529 519 552 esse
535 520 691 562 hostibus,

158 606 189 638 2.
216 605 254 637 In
280 605 372 637 brevi
398 606 525 645 quidem
551 609 695 646 tempore

218 653 305 691 Opus
329 652 445 685 refecit
471 652 623 696 fabricae,

216 700 255 732 In
282 709 345 740 qua
371 700 411 733 de
437 701 504 732 vita
529 702 625 734 noxia

214 747 367 780 Pervenit
391 749 434 780 ad
461 748 621 784 coelestia.

159 835 192 866 3.
219 834 257 866 In
284 834 395 866 eadem
419 834 584 874 sepelitur,

217 880 415 913 Daemonum
440 890 537 914 saeva
560 883 703 924 pellitur,

219 928 324 961 Datur
350 929 447 961 coelis
473 930 597 962 laetitia

216 976 262 1008 Et
286 976 421 1009 infernis
445 977 616 1011 moestitia.

845 381 878 413 4.
905 379 1065 419 Quotquot
1088 379 1273 418 languentes
1299 375 1437 417 veniunt,

905 426 1079 459 Sanitatem
1104 425 1272 465 recipiunt,

903 474 946 506 Et
973 474 1055 513 quod
1081 472 1193 506 salutis
1218 472 1348 512 patitur,

903 522 983 561 Ejus
1008 529 1104 561 prece
1128 519 1322 552 conceditur.

870 635 877 642 .
907 608 932 641 O
958 606 1037 639 felix
1061 607 1165 647 gaude
1188 605 1305 646 patria,

903 655 1074 687 Possidens
1100 662 1192 686 sacra
1216 654 1360 694 pignora,

905 703 1001 742 Cujus
1027 701 1108 734 fulta
1133 700 1290 741 suffragiis

906 750 1029 782 Ditaris
1053 749 1150 782 tantis
1173 748 1332 788 praemiis.

854 838 878 867 '‘.
908 835 1019 868 Gloria
1044 836 1086 867 sit
1110 835 1264 868 altissimo

904 883 1047 923 Ejusque
1072 883 1243 923 unigenito,

905 930 1021 963 Sancto
1047 930 1140 962 simul
1163 929 1300 971 spiritui,

905 978 1003 1010 Trino
1029 977 1097 1010 Deo
1123 980 1155 1010 et
1179 977 1326 1017 simplici.

232 1070 318 1098 Brev.
352 1079 404 1098 ms.
437 1071 717 1100 Vanumbrosanum
762 1080 825 1100 :aec.
859 1070 903 1100 15.
957 1071 1025 1100 Cod.
1059 1071 1248 1099 Laurentian.
1281 1071 1369 1099 Conv.
1407 1079 1470 1106 sup.

156 1106 221 1136 457.
248 1109 282 1136 A.
310 1125 348 1129 —
373 1109 458 1136 Brev.
487 1118 539 1137 ms.
572 1109 850 1138 vallumbrosanum
876 1119 952 1138 saec.
984 1109 1026 1138 15.
1068 1109 1137 1137 Cnd.
1161 1110 1353 1137 Laurentian.
1381 1108 1471 1142 (ζῴην.

157 1155 221 1182 sup.
242 1145 308 1175 456.
329 1148 362 1175 B.
385 1161 420 1166 ——
444 1145 473 1180 1,
499 1145 514 1174 1
535 1147 597 1175 Iste
617 1150 752 1184 pervenit
770 1149 804 1176 A.
825 1163 863 1168 -—·
883 1146 909 1184 3,
931 1147 950 1175 2
971 1148 1088 1182 cohors,
1116 1148 1175 1181 vis,
1203 1148 1283 1175 fraus
1304 1146 1373 1175 oder
1398 1146 1471 1174 exim-

157 1185 250 1212 liehes
271 1194 309 1213 zu
329 1186 518 1222 supplieren'!
539 1198 577 1204 —
598 1183 624 1220 3,
646 1184 664 1214 3
682 1186 828 1215 laetitiam
848 1186 908 1214 AB,
927 1201 965 1206 -—
985 1185 1011 1219 3,
1032 1184 1051 1214 4
1070 1187 1231 1214 martitiam
1251 1185 1310 1213 AB.

614 1354 664 1386 42.
694 1354 738 1385 De
758 1355 864 1386 sancto
883 1355 1014 1386 Aniano.

158 1444 188 1477 1.
219 1444 337 1485 Pange,
363 1443 481 1483 lingua⁷
508 1445 639 1484 gloriosi

266 1489 466 1524 Confessoris
491 1492 615 1535 merita,

217 1538 263 1571 Ut
289 1539 328 1571 de
353 1540 402 1571 sui
427 1548 506 1579 grex
531 1540 668 1580 pastoris

264 1586 376 1619 Laude
403 1589 496 1619 canat
520 1587 638 1629 debita,

220 1634 286 1667 Nos
313 1634 462 1675 emunda,
489 1633 627 1676 Christe,
652 1634 730 1668 foris

265 1682 310 1714 Et
333 1691 391 1715 nos
415 1682 503 1715 intus
527 1682 635 1717 visita.

157 1771 190 1803 2.
218 1767 355 1802 Sanctus
380 1769 442 1801 iste
468 1770 578 1801 vivens
603 1770 657 1809 pie

266 1816 400 1857 Semper
427 1817 589 1850 Christum
615 1817 723 1859 coluit,

218 1865 418 1897 Inhaerendo
447 1865 567 1899 Christi
589 1865 671 1906 viae,

265 1913 365 1952 Quam
392 1913 507 1946 devote
531 1913 645 1954 tenuit,

218 1960 279 2000 Qui
302 1960 344 1992 ad
370 1961 476 1993 coelos
500 1961 534 1992 in
559 1960 620 1994 hae
646 1961 699 1993 die

266 2008 440 2041 Pervenire
463 2008 590 2041 meruit.

847 1447 878 1479 3.
904 1445 959 1477 Ad
983 1444 1186 1484 sepulchrum
1213 1444 1384 1477 Christiani

956 1491 1154 1525 Confessoris
1181 1492 1321 1531 veniunt,

906 1540 1122 1573 Revertuntur
1147 1540 1240 1573 modo
1266 1540 1345 1583 suni7

942 1589 1059 1621 Valent
1084 1590 1116 1620 et
1140 1587 1320 1630 proficiunt,

907 1636 985 1670 Cum
1010 1645 1068 1675 per
1093 1644 1205 1676 preces
1230 1635 1349 1668 Auiani

955 1684 1072 1718 Omnes
1095 1684 1197 1716 morbi
1222 1683 1357 1724 fugiunt.

846 1772 878 1804 4.
906 1770 972 1803 Nos
998 1771 1082 1802 hunc
1106 1770 1255 1810 hymnam
1280 1770 1313 1802 in
1338 1770 1457 1802 honore

955 1817 1155 1852 confessoris
1182 1817 1333 1852 canimusq

907 1867 966 1905 Qui
989 1879 1009 1898 a
1033 1875 1154 1898 summo
1180 1866 1383 1906 redemptore

955 1913 1022 1946 Nos
1047 1913 1167 1947 salvari
1192 1913 1340 1954 petimus,

907 1962 1007 2001 Quem
1030 1971 1088 1994 nos
1114 1961 1222 2003 corde,
1248 1960 1354 2000 factis,
1381 1969 1447 2000 ore,

953 2008 1148 2042 Confitentes
1173 2009 1343 2041 credimus.

516 2097 549 2128 5.
575 2096 621 2129 Ut
647 2095 763 2128 devota
788 2104 864 2136 gens
891 2098 1042 2136 precatur

621 2143 755 2185 Semper
778 2152 875 2184 prece
899 2144 1022 2185 sedula,

572 2192 674 2225 Nobis
699 2200 812 2233 pacem
836 2192 1001 2232 largiatur,

622 2241 733 2281 Agnus
757 2240 827 2272 sine
850 2240 985 2284 macula,

575 2288 636 2328 Qui
659 2288 694 2320 in
720 2290 813 2328 patre
837 2288 993 2329 gloriatur

621 2337 685 2369 Per
710 2337 841 2369 aeterna
865 2336 1002 2369 saecula.

239 2430 350 2465 Hymn.
371 2438 425 2457 ms.
445 2439 512 2458 eum
533 2429 704 2459 Commento
725 2431 838 2459 Hilarii
859 2439 935 2458 saec.
958 2429 1002 2459 13.
1037 2428 1106 2459 (lod,
1128 2432 1280 2460 Mantuan.
1294 2431 1321 2460 E
1341 2432 1356 2459 Ι
1379 2429 1422 2459 14.
