1651 2621
661 118 918 154 —148—

170 249 179 258 .
205 224 263 265 Qui
287 222 411 255 abbatis
435 218 636 254 Pulsanensis

250 270 395 310 implevit
416 266 605 309 praecordia

205 318 285 351 Vivo
311 317 408 358 fonte,
435 324 493 356 quo
514 314 640 354 potaret

253 365 447 397 subditorum
474 362 607 402 agmina,

207 412 325 452 Quibus
349 420 461 442 novam
486 412 587 441 musto
611 407 724 447 plenus

254 458 469 499 promulgaret
493 457 641 496 regulam.

179 543 186 551 .
211 516 404 555 Angelorum
428 515 539 546 nactus
564 513 670 550 vitam,

253 565 289 593 ut
310 562 459 594 mortales
483 561 608 600 angelos

207 611 344 643 Faceret
368 611 400 639 et
421 607 490 640 veri
514 607 589 639 solis

257 656 442 696 propalaret
465 654 571 686 radios

209 704 254 736 Et
277 711 432 742 supernae
457 701 577 733 civitati

257 751 451 782 restauraret
475 748 627 787 perditos,

178 832 186 840 .
212 805 310 839 Gravi
334 805 416 837 mole
439 804 663 844 premebantur

257 853 290 884 in
315 853 397 891 Aeg)
405 854 460 891 pto
485 851 611 893 saeculi,

212 900 294 939 Quos
319 900 452 941 Pharao,
480 906 537 929 rex
560 897 710 938 Aegypti,

258 947 315 980 sub
340 947 409 986 lege
433 945 554 977 servitii

209 993 381 1026 Detinebat
405 993 445 1024 ad
469 992 616 1032 perennis

255 1041 363 1080 jugum
390 1039 576 1071 exterminii.

177 1124 183 1131 .
208 1096 272 1129 Hic
294 1096 460 1137 proposuit
480 1095 647 1135 magistros

259 1144 318 1175 luti
343 1145 436 1182 atque
460 1142 578 1182 lateris,

212 1190 258 1223 Ut
281 1190 416 1221 terrenis
439 1189 657 1229 premerentur

261 1238 358 1269 corda
381 1240 489 1268 nostra
512 1236 622 1277 paleis,

216 1283 285 1316 Nec
304 1284 336 1315 in
361 1287 467 1315 nostro
491 1283 571 1315 mari
597 1290 699 1314 mares

247 1332 331 1362 ullus
355 1338 424 1362 esse
446 1330 555 1362 voluit.

821 214 850 247 7.
877 212 921 244 Et
945 210 1106 245 Johannes
1131 208 1336 241 Pulsanensis

925 262 1051 298 sumpta
1075 257 1165 297 virga
1188 255 1297 295 Moysi

876 306 1030 339 Tenebris
1057 306 1097 337 de
1119 304 1324 344 peecatorum

925 353 1027 386 traxit
1048 352 1201 393 populum
1226 349 1297 391 Dei,

881 401 1079 435 Parsimonia
1103 399 1200 439 legali

927 448 1057 482 strinxit
1081 445 1199 478 fluxum
1226 442 1355 476 saeculi.

848 533 854 541 .
883 505 993 539 Nutrit
1016 504 1172 536 masculos
1198 502 1350 533 virtutum

928 556 1023 592 atque
1046 551 1141 584 findit
1164 551 1328 589 impetum,

881 600 1101 634 Poenitentiae
1125 597 1285 638 baptisma

931 649 1043 680 enecat
1063 646 1267 686 Aegyptium,

882 696 926 728 Et
952 694 1093 728 divinum
1119 696 1228 725 contra
1250 692 1357 723 hostes

931 743 1104 783 praeparat
1127 739 1311 772 exercitum.

850 827 856 833 .
883 799 946 831 Per
972 798 1130 830 desertum
1153 797 1237 829 vitae
1258 796 1351 835 hujus

934 854 1061 887 gregem
1085 845 1148 876 sibi
1171 843 1334 876 subditum

883 894 1002 926 Manna
1026 892 1116 932 pavit
1141 901 1179 925 ac
1201 890 1390 930 lymphavit‚

933 949 993 981 quo
1016 939 1145 980 paravit
1168 938 1290 971 aditum

884 988 939 1020 Ad
963 987 1141 1027 ingressum
1163 987 1293 1018 sanctae
1316 988 1432 1025 terrae,

934 1043 996 1075 qua
1019 1043 1094 1074 pars
1121 1036 1169 1065 est
1192 1033 1375 1066 viventium.

812 1093 867 1126 10.
881 1091 952 1124 Rex
975 1093 1122 1123 aeternus
1146 1099 1185 1122 ae
1207 1089 1401 1132 tremendus,

930 1137 1269 1178 incomprehensibilis,

882 1186 985 1226 Hujus
1009 1185 1131 1217 meritis
1156 1185 1310 1217 Johannis

934 1232 1020 1265 adsit
1044 1232 1212 1264 exorabilis

886 1281 931 1312 Et
954 1282 1086 1321 peccata
1109 1280 1201 1312 nobis
1227 1282 1342 1311 cuncta

932 1327 1027 1359 tollat
1048 1326 1228 1360 ineffabilis.

479 1386 533 1419 11.
559 1386 609 1418 Sit
631 1386 699 1417 laus
723 1385 809 1425 patri
832 1383 959 1424 filioque

593 1435 687 1472 atque
711 1434 819 1464 sancto
844 1431 1015 1472 pneumati,

547 1480 605 1519 Qui
629 1480 805 1513 Johannem
828 1479 1053 1511 Pulsanensem

592 1527 713 1567 magnis
740 1526 823 1558 vitae
846 1527 967 1558 meritis

547 1574 718 1607 Decoravit
741 1576 773 1605 et
795 1574 933 1605 aeternis

593 1621 788 1661 mancipavit
810 1621 971 1660 praemiis.

228 1685 336 1720 Hymn.
356 1694 409 1712 ms.
424 1686 613 1714 Pulsanensis
635 1694 709 1713 saec.
732 1682 775 1712 12.
810 1685 877 1713 cod.
892 1686 958 1713 Vat.
973 1685 1101 1714 Palatin.
1116 1683 1161 1713 30.
1176 1703 1214 1707 —-
1226 1684 1268 1714 Es
1283 1687 1454 1715 existierten

154 1724 206 1751 auf
215 1725 234 1752 J
237 1723 364 1751 ohannes
385 1723 420 1750 de
431 1723 565 1751 Mathera
584 1725 632 1752 ein
644 1723 855 1751 Reimoffieium
875 1724 935 1750 und
948 1725 1012 1752 eine
1026 1723 1171 1761 Sequenz3
1192 1726 1344 1753 Triimmer
1357 1724 1455 1753 daron

156 1761 226 1789 sehe
245 1769 311 1788 man
330 1762 405 1789 Acta
424 1761 475 1789 SS.
493 1762 576 1789 Junii
596 1761 650 1796 IV,
678 1759 713 1790 39
732 1760 817 1794 (alter
836 1760 980 1797 Edition),
1006 1762 1082 1790 nach
1101 1761 1261 1798 Jordanus,
1290 1763 1457 1791 chronicon

156 1800 267 1826 Montis
287 1799 419 1834 Virginis
442 1797 522 1828 1649.
556 1800 613 1828 Die
632 1799 835 1827 Bollandisten
857 1800 1036 1827 bezeichnen
1054 1801 1073 1828 1.
1095 1808 1111 1826 c
1129 1810 1158 1836 p.
1178 1799 1214 1829 38
1236 1802 1342 1838 obigen
1361 1802 1455 1837 Hym-

153 1846 208 1864 nus
229 1836 273 1864 als
290 1835 466 1873 „Sequenz².
500 1837 571 1865 Dies
591 1839 633 1865 ist
653 1838 830 1872 i1-rtiim110h3
852 1837 903 1864 der
916 1837 1031 1865 Sellluss
1052 1839 1103 1867 der
1117 1838 1250 1876 Sequenz
1270 1840 1348 1867 steht
1367 1849 1395 1875 p.
1409 1838 1456 1868 39.

153 1875 205 1902 Als
240 1874 342 1908 Quelle
371 1875 443 1902 wird
474 1876 654 1912 angegeben:
684 1876 844 1911 Sequentia
872 1884 907 1903 ex
935 1877 991 1903 Ms.
1016 1876 1153 1905 Palatino
1179 1877 1256 1905 Bibl.
1283 1878 1455 1906 Vaticanae.

152 1913 265 1940 Unsere
288 1912 392 1947 Quelle
410 1915 450 1940 ist
468 1915 516 1941 ein
535 1914 701 1948 Palatinus,
730 1915 771 1941 ist
789 1915 859 1943 aber
882 1914 1140 1951 augenscheinlich
1160 1925 1216 1944 nur
1237 1916 1328 1944 durch
1347 1916 1456 1944 Irrtum

152 1952 186 1978 in
205 1951 252 1979 die
274 1950 443 1987 Sammlung
463 1952 513 1979 der
530 1952 661 1979 Palatini
678 1952 910 1989 hineingeraten.

592 2090 657 2123 248.
687 2091 731 2122 De
751 2092 858 2123 saneto
879 2092 1002 2134 Joseph.

699 2168 748 2198 Atl
767 2168 922 2207 Vesperas.

395 2245 426 2278 1.
454 2245 570 2285 Stirpis
594 2245 772 2278 Davidicae
796 2248 900 2280 tendit
924 2249 965 2281 ad
992 2250 1123 2282 aethera

452 2293 571 2334 Joseph
598 2293 638 2326 de
663 2295 804 2335 conjuge,
831 2296 920 2335 cujus
944 2297 978 2328 in
1004 2297 1135 2330 dextera

453 2342 556 2373 Natus
578 2340 711 2373 mirifice
734 2343 836 2382 patris
859 2342 893 2374 in
919 2346 1062 2383 tempora

501 2387 607 2431 Sedet,
636 2390 833 2430 congaudent
858 2391 977 2426 coelici.
