1651 2621
736 124 900 160 —288
953 143 996 149 ——

450 218 483 250 2.
508 218 637 252 Emicat
659 219 796 258 primurn
820 220 1019 253 venerandus
1043 217 1123 252 urbe

507 266 621 298 Pastor
645 266 698 298 hic
721 271 831 300 nostra
854 269 943 300 velut
965 268 1048 299 inter
1073 268 1162 298 astra.

509 311 639 345 Lucifer
663 323 777 354 magno
802 315 993 356 nimiumque
1019 315 1104 347 claro

556 359 715 401 Sanguine
739 366 916 400 praestans

450 425 482 458 3.
507 425 631 457 Nomen
655 429 689 458 at
713 428 879 467 pulchrum
903 429 1092 470 generisque
1116 425 1242 465 famam,

509 471 651 504 Gloriam
675 474 791 514 laudis,
818 476 913 508 decus
938 479 970 508 et
996 477 1141 508 decorem

505 519 650 552 Moribus
677 522 772 553 castis
796 523 972 564 studiisque
996 523 1116 556 sanctis

554 566 681 599 Extulit
705 568 801 602 ultra.

448 633 481 666 4.
508 633 533 665 Ο
558 636 651 673 pater
676 634 823 675 clemens,
847 635 906 667 tibi
923 644 983 668 nec
1007 636 1118 668 deesse

507 680 629 712 Lumen
655 684 816 713 aeternum
836 683 941 722 potuit
963 681 1118 723 profecto,

506 727 611 760 Tanta
632 736 693 768 quo
719 727 821 760 fertur
845 730 983 761 valuisse
1007 729 1119 761 crebro

553 775 640 807 Mira
664 778 803 815 patrare.

447 842 477 874 5.
501 841 594 873 Bella
617 844 651 873 tu
676 842 798 881 primus
823 843 952 875 veniens
975 844 1062 875 inisti

503 889 620 930 Regias
646 890 741 921 aedes
763 889 895 922 Damasi
920 891 1074 930 minister,

504 936 594 968 Tunc
621 936 676 968 ubi
703 937 807 968 dirum
832 938 935 969 scelus
962 937 1099 978 expiasti

551 984 589 1016 In
617 984 778 1019 deitatem.

448 1052 480 1084 6.
506 1051 587 1084 Inde
613 1051 682 1091 quis
709 1050 804 1091 digno
829 1050 951 1083 referat,
975 1051 1140 1090 cothurno,

505 1099 529 1132 O
555 1101 659 1138 pater,
686 1098 811 1139 quantis
837 1098 906 1131 sine
929 1099 1000 1139 lege
1025 1098 1133 1140 signis,

504 1146 588 1178 Dum
614 1146 741 1186 quidem
766 1147 884 1179 mundo
910 1146 1110 1187 Dominoque
1136 1146 1228 1186 vivis,

550 1193 728 1226 Enituisti?

447 1262 477 1294 7.
505 1261 623 1292 Ventre
650 1261 795 1292 detrusos
820 1261 1013 1292 Acherontis
1038 1260 1101 1293 atri

502 1308 599 1340 Lucis
625 1308 765 1348 expertis
789 1308 906 1340 iterum
932 1309 1066 1340 diurnae

502 1356 609 1395 Atque
635 1355 762 1387 divinae
785 1354 866 1388 facis
890 1356 971 1388 urbe
995 1356 1114 1396 moris,

551 1403 665 1435 inclite
691 1405 811 1443 pastor.

446 1471 476 1502 8.
505 1470 621 1502 Sancte
644 1478 729 1501 nunc
754 1477 828 1509 ergo
853 1472 947 1509 pater
971 1473 1067 1510 atque
1091 1471 1230 1511 praesul,

504 1517 597 1547 Alme
621 1516 751 1558 Zenobi,
777 1517 894 1556 populo
919 1516 1007 1548 fideli

503 1563 553 1594 Sis
578 1563 659 1604 pius⁷
686 1572 759 1594 nam
783 1566 816 1594 te
839 1572 994 1603 generosa
1017 1563 1121 1603 poscit

527 1609 661 1641 Florida
685 1610 801 1649 proles

448 1674 480 1707 9.
506 1674 555 1707 Sit
579 1673 664 1705 salus
687 1674 746 1713 illi,
774 1674 862 1712 ouJ'us
884 1674 918 1705 in
943 1674 1076 1706 excelsis

501 1720 625 1752 Dextra
648 1720 767 1752 locavit
791 1720 928 1751 animam
951 1720 1094 1761 zenobii,

502 1767 631 1807 Nosque
654 1767 865 1799 membrorum
891 1767 992 1799 voluit
1016 1767 1162 1799 custodes

552 1814 633 1847 Esse
657 1823 792 1848 suorum.

281 1900 389 1935 Hymn.
421 1908 474 1926 ms.
498 1899 685 1926 Florentinus
719 1907 794 1926 saec.
823 1896 866 1926 13.
913 1898 984 1926 Cod.
1015 1899 1206 1928 Laurentian.
1232 1901 1326 1930 Aedil.
1360 1901 1423 1931 131.
1449 1905 1514 1932 add.

203 1946 278 1965 saec.
302 1937 344 1965 15.
365 1939 400 1966 A.
431 1952 469 1957 —
493 1937 611 1972 Antiph.
632 1945 685 1964 ms.
705 1937 907 1964 Florentinum
930 1944 1005 1963 saec.
1030 1935 1072 1964 15.
1116 1937 1186 1965 Cod.
1206 1939 1398 1968 Laurentian.
1419 1943 1513 1970 Aedil.

205 1973 268 2003 148.
289 1977 322 2004 Β.
342 1991 380 1995 -
401 1973 427 2011 1,
450 1973 465 2002 1
486 1975 572 2002 Ceius
593 1977 729 2002 aeternae
748 1974 807 2002 AB.
830 1988 866 1992 —-
885 1974 970 2002 Mela
990 1974 1051 2002 Iste
1071 1975 1228 2003 confessor.

639 2093 707 2125 490.
738 2093 781 2124 De
801 2095 906 2125 sancto
927 2094 1071 2125 Zenobio.

749 2168 796 2197 Ad
815 2168 971 2206 Vesperas.

208 2244 238 2276 1.
263 2244 416 2276 Laetetur
438 2244 514 2276 urbs
538 2245 703 2277 Florentia
887 2248 918 2280 2.
945 2247 1079 2286 Quidam
1107 2257 1187 2287 puer
1211 2251 1342 2286 Italicus

265 2291 360 2322 Tanti
384 2292 485 2330 patris
511 2293 663 2335 custodia,
946 2295 1048 2326 Tanto
1073 2301 1220 2335 perustus
1246 2298 1398 2345 febribus,

265 2337 318 2368 Ad
342 2338 431 2377 eujus
451 2347 524 2369 mox
547 2339 714 2379 imperium
946 2342 994 2374 Ut
1016 2346 1110 2374 nocte
1134 2349 1245 2384 quater
1270 2349 1373 2384 decies

265 2384 415 2416 Vanescit
442 2394 547 2426 pugna
573 2387 770 2421 daemonum.
946 2388 987 2420 Ei
1011 2393 1103 2429 potus
1131 2393 1181 2425 vix
1205 2395 1386 2443 sufficeret3
