1651 2621
731 125 986 160 -187-—

202 219 234 252 3.
261 218 423 251 Martinus
447 218 578 251 instruit
895 223 924 255 6.
953 221 1077 255 Necare
1101 223 1215 255 nititur

261 265 300 297 In
324 266 427 298 Roma
451 267 562 304 recoli,
952 270 1043 302 Pium
1069 271 1245 311 OlympiuS,

262 312 353 351 Quod
378 313 496 345 Paulus
523 313 660 345 destruit
953 316 1034 356 EjUs
1060 319 1210 350 eximitur

261 359 548 400 Constantinopoli.
952 365 1030 397 Visu
1055 367 1224 406 spatarius.

203 417 237 451 4.
263 415 382 457 Fulget
406 417 503 450 Italia
896 422 929 455 7.
955 421 1090 454 Demum
1115 422 1326 461 proscribitur

259 464 396 496 Martini
420 465 573 506 moribus,
951 468 1086 501 Sanctus
1113 469 1234 508 exsilio,

260 512 365 544 Tabet
388 512 547 552 Byzantia
951 516 1054 549 Felici
1084 517 1244 549 clauditur

258 559 353 591 Pauli
377 560 613 594 schismatibus,
950 563 1027 596 Vita
1050 564 1214 604 martyrio.

201 617 234 649 5.
263 615 463 648 Condemnat
485 617 618 657 impium
895 621 926 653 8.
952 619 1042 652 Haec
1066 621 1193 653 laudem
1219 621 1326 653 concio

262 663 331 695 Lex
357 664 569 697 anathematis
953 668 1112 699 Decantet
1135 668 1265 708 numini,

259 712 394 745 Paulum
421 714 453 743 et
478 711 634 754 Sergium,
953 715 1042 746 Patri
1069 724 1138 747 cum
1160 715 1226 747 filio

260 758 418 792 Fautores
443 759 635 794 schismatis.
951 762 1130 803 Sanctoque
1153 761 1285 795 flamini.

276 825 386 861 Hymn.
409 834 463 852 ms¹
484 825 635 853 Minoi-um
655 833 729 853 saec.
754 823 797 854 13.
840 826 908 854 Cod.
932 826 1105 855 Casanaten.
1126 827 1152 854 A
1171 827 1203 855 Π
1222 825 1268 856 25.
1290 827 1354 855 add.
1375 835 1451 856 saec.
1474 826 1519 856 14.

544 907 607 940 319.
639 908 674 939 In
695 916 736 939 ss.
758 908 976 948 Quadraginta
993 910 1180 949 Martyrum.

399 970 429 1002 1.
458 968 544 1001 Deus
570 973 710 1009 aeterne,
737 968 873 1002 famulos
902 970 1073 1002 clementer

451 1015 615 1055 Hymnum
640 1019 821 1049 sanctorum
847 1018 972 1057 respice
998 1021 1157 1056 canentes,

453 1063 592 1101 Quorum
622 1063 730 1096 votiva
757 1064 953 1097 celebramus
979 1063 1063 1097 festa

503 1111 598 1143 Nunc
623 1111 846 1152 quadraginta.

397 1169 427 1199 2.
458 1167 588 1200 Veniam
614 1171 745 1207 praesta
767 1168 889 1209 pietate
913 1171 1034 1209 sancta,

454 1215 638 1256 Martyrum
661 1224 758 1256 prece
784 1216 918 1248 erimina
945 1216 1080 1257 dimitte,

454 1261 556 1295 Nobis
584 1266 634 1294 est
657 1264 738 1294 iram
763 1263 884 1305 mitiga,
912 1273 1005 1303 quam
1029 1264 1162 1296 multum

501 1310 570 1342 Nos
592 1319 813 1350 provocamus.

396 1368 428 1400 3.
456 1366 593 1407 Christe,
622 1368 676 1407 qui
700 1367 853 1399 mundum
878 1371 981 1400 morte
1005 1368 1179 1408 redemisti,

453 1415 552 1454 Cujus
578 1415 759 1455 exemplum
783 1418 942 1456 martyres
967 1416 1079 1455 secuti,

454 1461 549 1494 Nunc
576 1471 702 1495 sacrum
728 1471 859 1502 quorum
887 1471 1002 1502 corpus
1027 1466 1169 1495 sanctum
1194 1463 1291 1502 ,iussit

497 1510 715 1542 Beneventum
741 1511 824 1542 duci.

394 1569 427 1600 4.
454 1566 558 1599 Aufer
583 1577 602 1599 a
627 1568 719 1600 nobis
745 1566 862 1599 famem
884 1568 949 1606 jam
978 1570 1010 1599 et
1033 1570 1166 1607 pestem,

448 1616 656 1655 Quaesumus,
682 1618 809 1655 gentem
833 1624 962 1647 saevam
984 1618 1080 1654 atque
1105 1618 1250 1655 mortem,

449 1663 577 1696 Pariter
600 1671 735 1702 poenam
761 1663 824 1705 pie,
853 1672 945 1704 quam
971 1671 1138 1706 meremur,

495 1710 609 1751 Daque
633 1711 802 1744 medelam.

394 1769 424 1801 5.
452 1767 517 1799 Vos
544 1777 629 1809 erg0,
658 1768 777 1801 Christi
804 1771 971 1808 martyres,
998 1777 1157 1808 rogamus,

447 1815 564 1848 Vestro
590 1818 724 1855 precatu
746 1819 782 1847 ut
807 1816 868 1848 hoc
892 1824 1052 1848 meramur

449 1862 545 1894 Nunc
569 1863 716 1904 adipisci,
741 1864 867 1895 demum
891 1866 923 1894 et
946 1863 1111 1895 vobiscum

495 1910 607 1950 Regna
632 1910 789 1950 polorum,

394 1969 425 2001 6.
451 1967 547 2007 Ecce,
575 1976 670 2006 quam
695 1967 757 1998 rite
784 1967 935 1999 decorata
958 1970 1067 1999 manet

449 2015 613 2048 Samnium
639 2015 755 2046 vestris
781 2014 925 2055 reliquiis
951 2015 1061 2053 sacris,

449 2063 578 2097 Poscite
602 2071 729 2103 semper
753 2071 813 2103 pro
838 2062 941 2103 nobis,
968 2072 1103 2106 oramus,

497 2110 669 2143 Dominum
695 2110 866 2142 Christum.

393 2171 424 2203 7.
453 2168 503 2202 Sit
526 2169 596 2201 laus
622 2168 691 2200 Deo
717 2167 913 2208 sempiterno
938 2167 1035 2208 patri,

446 2217 495 2250 Sit
522 2216 649 2249 Christo
676 2215 754 2249 Jesu
779 2215 891 2254 virtus,
917 2214 1018 2247 honor
1043 2215 1154 2253 omnis,

447 2264 589 2298 Flamini
612 2267 723 2296 sancto
747 2264 790 2295 sit
814 2263 916 2303 gloria
940 2271 1057 2302 perpes

497 2312 632 2353 Semper
656 2313 689 2344 in
714 2320 837 2344 aevum.

268 2380 354 2409 Brev.
374 2387 429 2407 ms.
450 2379 479 2407 S.
502 2378 632 2415 Sophiae
650 2379 811 2406 Benevent.
832 2383 907 2404 saec.
931 2374 975 2403 11.
1009 2375 1077 2403 Cod.
1099 2376 1285 2411 Neapolitan.
1308 2378 1350 2405 VJ:
1369 2379 1396 2406 Ε
1414 2376 1461 2406 43.
1475 2395 1514 2399 -

192 2417 218 2453 1,
233 2417 251 2446 2
265 2419 395 2454 speciem
409 2419 557 2445 canentes.
568 2431 606 2436 -
619 2414 646 2451 3,
660 2415 680 2444 4
692 2416 777 2444 Lies:
795 2414 948 2443 Samnium
963 2414 1052 2442 duci?
1069 2415 1119 2442 cfr.
1135 2412 1160 2448 6,
1176 2413 1201 2442 2.
1215 2431 1250 2435 —
1266 2414 1293 2451 4,
1310 2414 1324 2443 1
1343 2419 1372 2445 et
1384 2417 1465 2446 fehlt.
1480 2432 1514 2437 —

190 2456 217 2492 5,
232 2455 251 2484 2
263 2459 299 2485 ut
310 2456 394 2484 fehlt.
408 2470 447 2474 —
463 2455 490 2489 6,
504 2453 523 2481 2
537 2455 575 2483 de
585 2456 704 2483 vestris.
