<?xml version="1.0" encoding="UTF-8"?>
<!DOCTYPE html PUBLIC "-//W3C//DTD XHTML 1.0 Transitional//EN"
    "http://www.w3.org/TR/xhtml1/DTD/xhtml1-transitional.dtd">
<html xmlns="http://www.w3.org/1999/xhtml" xml:lang="en" lang="en">
 <head>
  <title>
</title>
<meta http-equiv="Content-Type" content="text/html;charset=utf-8" />
  <meta name='ocr-system' content='tesseract 3.04.00' />
  <meta name='ocr-capabilities' content='ocr_page ocr_carea ocr_par ocr_line ocrx_word'/>
</head>
<body>
  <div class='ocr_page' id='page_1' title='image "./analectahymnica22drevuoft_00074.png"; bbox 0 0 1651 2621; ppageno 0'>
   <div class='ocr_carea' id='block_1_1' title="bbox 721 132 959 169">
    <p class='ocr_par' dir='ltr' id='par_1_1' title="bbox 721 132 959 169">
     <span class='ocr_line' id='line_1_1' title="bbox 721 132 959 169; baseline -0.013 -7"><span class='ocrx_word' id='word_1_1' title='bbox 721 132 959 169; x_wconf 50' lang='grc' dir='ltr'>...η’</span> 
     </span>
    </p>
   </div>
   <div class='ocr_carea' id='block_1_2' title="bbox 638 245 1049 357">
    <p class='ocr_par' dir='ltr' id='par_1_2' title="bbox 638 245 1049 357">
     <span class='ocr_line' id='line_1_2' title="bbox 638 245 1049 279; baseline 0 -2"><span class='ocrx_word' id='word_1_2' title='bbox 638 245 688 278; x_wconf 82' lang='lat'>111.</span> <span class='ocrx_word' id='word_1_3' title='bbox 717 246 760 278; x_wconf 82' lang='lat' dir='ltr'>De</span> <span class='ocrx_word' id='word_1_4' title='bbox 780 247 888 279; x_wconf 85' lang='lat' dir='ltr'>sancto</span> <span class='ocrx_word' id='word_1_5' title='bbox 911 246 1049 279; x_wconf 78' lang='lat' dir='ltr'>cataldo.</span> 
     </span>
     <span class='ocr_line' id='line_1_3' title="bbox 748 324 946 357; baseline 0 -2"><span class='ocrx_word' id='word_1_6' title='bbox 748 324 798 355; x_wconf 87' lang='lat' dir='ltr'>Ad</span> <span class='ocrx_word' id='word_1_7' title='bbox 816 324 946 357; x_wconf 79' lang='lat' dir='ltr'>Laudes.</span> 
     </span>
    </p>
   </div>
   <div class='ocr_carea' id='block_1_3' title="bbox 184 402 733 580">
    <p class='ocr_par' dir='ltr' id='par_1_3' title="bbox 184 402 733 580">
     <span class='ocr_line' id='line_1_4' title="bbox 184 402 661 443; baseline 0.002 -8"><span class='ocrx_word' id='word_1_8' title='bbox 184 403 200 435; x_wconf 87' lang='lat'>1</span> <span class='ocrx_word' id='word_1_9' title='bbox 207 426 215 434; x_wconf 90' lang='lat'>.</span> <span class='ocrx_word' id='word_1_10' title='bbox 244 402 401 436; x_wconf 85' lang='lat' dir='ltr'>Canentes</span> <span class='ocrx_word' id='word_1_11' title='bbox 428 403 535 436; x_wconf 83' lang='lat' dir='ltr'>cordis</span> <span class='ocrx_word' id='word_1_12' title='bbox 557 403 661 443; x_wconf 86' lang='lat' dir='ltr'>jubilo</span> 
     </span>
     <span class='ocr_line' id='line_1_5' title="bbox 247 448 660 484; baseline 0.002 -2"><span class='ocrx_word' id='word_1_13' title='bbox 247 448 373 483; x_wconf 84' lang='lat' dir='ltr'>Gataldi</span> <span class='ocrx_word' id='word_1_14' title='bbox 398 451 509 484; x_wconf 85' lang='lat' dir='ltr'>laudes</span> <span class='ocrx_word' id='word_1_15' title='bbox 536 451 660 484; x_wconf 86' lang='lat' dir='ltr'>debitas</span> 
     </span>
     <span class='ocr_line' id='line_1_6' title="bbox 243 497 725 540; baseline 0.004 -10"><span class='ocrx_word' id='word_1_16' title='bbox 243 497 310 530; x_wconf 85' lang='lat' dir='ltr'>Nos</span> <span class='ocrx_word' id='word_1_17' title='bbox 335 508 438 540; x_wconf 85' lang='lat' dir='ltr'>purga</span> <span class='ocrx_word' id='word_1_18' title='bbox 464 499 579 531; x_wconf 85' lang='lat' dir='ltr'>mentis</span> <span class='ocrx_word' id='word_1_19' title='bbox 604 499 725 540; x_wconf 85' lang='lat' dir='ltr'>nubilo,</span> 
     </span>
     <span class='ocr_line' id='line_1_7' title="bbox 242 545 733 580; baseline 0.002 -2"><span class='ocrx_word' id='word_1_20' title='bbox 242 545 300 578; x_wconf 81' lang='lat' dir='ltr'>Tu</span> <span class='ocrx_word' id='word_1_21' title='bbox 325 546 552 579; x_wconf 74' lang='lat' dir='ltr'>trinitatis</span> <span class='ocrx_word' id='word_1_22' title='bbox 577 548 733 580; x_wconf 86' lang='lat' dir='ltr'>unitas.</span> 
     </span>
    </p>
   </div>
   <div class='ocr_carea' id='block_1_4' title="bbox 186 603 792 781">
    <p class='ocr_par' dir='ltr' id='par_1_4' title="bbox 186 603 792 781">
     <span class='ocr_line' id='line_1_8' title="bbox 186 603 750 646; baseline 0.002 -11"><span class='ocrx_word' id='word_1_23' title='bbox 186 605 219 635; x_wconf 83' lang='lat'>2.</span> <span class='ocrx_word' id='word_1_24' title='bbox 243 603 378 636; x_wconf 83' lang='lat' dir='ltr'>Raehau</span> <span class='ocrx_word' id='word_1_25' title='bbox 403 607 572 645; x_wconf 82' lang='lat' dir='ltr'>postquam</span> <span class='ocrx_word' id='word_1_26' title='bbox 596 605 750 646; x_wconf 84' lang='lat' dir='ltr'>populum</span> 
     </span>
     <span class='ocr_line' id='line_1_9' title="bbox 245 650 718 695; baseline 0 -11"><span class='ocrx_word' id='word_1_27' title='bbox 245 650 410 684; x_wconf 70' lang='lat' dir='ltr'>Convertit</span> <span class='ocrx_word' id='word_1_28' title='bbox 436 652 479 684; x_wconf 86' lang='lat' dir='ltr'>ad</span> <span class='ocrx_word' id='word_1_29' title='bbox 502 655 547 693; x_wconf 82' lang='lat' dir='ltr'>te,</span> <span class='ocrx_word' id='word_1_30' title='bbox 573 652 718 695; x_wconf 85' lang='lat' dir='ltr'>Domine,</span> 
     </span>
     <span class='ocr_line' id='line_1_10' title="bbox 244 699 712 743; baseline 0 -12"><span class='ocrx_word' id='word_1_31' title='bbox 244 699 341 731; x_wconf 81' lang='lat' dir='ltr'>Venit</span> <span class='ocrx_word' id='word_1_32' title='bbox 365 699 409 731; x_wconf 82' lang='lat' dir='ltr'>ad</span> <span class='ocrx_word' id='word_1_33' title='bbox 432 702 523 731; x_wconf 84' lang='lat' dir='ltr'>tuum</span> <span class='ocrx_word' id='word_1_34' title='bbox 546 700 712 743; x_wconf 76' lang='lat' dir='ltr'>tumulum,</span> 
     </span>
     <span class='ocr_line' id='line_1_11' title="bbox 243 748 792 781; baseline 0.002 -2"><span class='ocrx_word' id='word_1_35' title='bbox 243 748 432 779; x_wconf 86' lang='lat' dir='ltr'>Aeterue</span> <span class='ocrx_word' id='word_1_36' title='bbox 457 755 533 779; x_wconf 75' lang='lat' dir='ltr'>rex</span> <span class='ocrx_word' id='word_1_37' title='bbox 557 748 792 781; x_wconf 81' lang='lat' dir='ltr'>altissime.</span> 
     </span>
    </p>
   </div>
   <div class='ocr_carea' id='block_1_5' title="bbox 184 804 814 989">
    <p class='ocr_par' dir='ltr' id='par_1_5' title="bbox 184 804 814 989">
     <span class='ocr_line' id='line_1_12' title="bbox 184 804 587 838; baseline -0.005 0"><span class='ocrx_word' id='word_1_38' title='bbox 184 806 202 838; x_wconf 87' lang='lat'><strong>3</strong></span> <span class='ocrx_word' id='word_1_39' title='bbox 210 828 217 837; x_wconf 80' lang='lat'>.</span> <span class='ocrx_word' id='word_1_40' title='bbox 243 804 460 837; x_wconf 80' lang='lat' dir='ltr'>Eremitarum</span> <span class='ocrx_word' id='word_1_41' title='bbox 485 805 587 837; x_wconf 78' lang='lat' dir='ltr'>voluit</span> 
     </span>
     <span class='ocr_line' id='line_1_13' title="bbox 239 853 617 895; baseline -0.003 -10"><span class='ocrx_word' id='word_1_42' title='bbox 239 853 421 893; x_wconf 84' lang='lat' dir='ltr'>Aggregari</span> <span class='ocrx_word' id='word_1_43' title='bbox 448 853 617 895; x_wconf 87' lang='lat' dir='ltr'>consortio,</span> 
     </span>
     <span class='ocr_line' id='line_1_14' title="bbox 243 900 683 943; baseline 0 -11"><span class='ocrx_word' id='word_1_44' title='bbox 243 901 362 932; x_wconf 83' lang='lat' dir='ltr'>Tecum</span> <span class='ocrx_word' id='word_1_45' title='bbox 387 900 474 941; x_wconf 86' lang='lat' dir='ltr'>loqui</span> <span class='ocrx_word' id='word_1_46' title='bbox 498 901 683 943; x_wconf 78' lang='lat' dir='ltr'><strong>promeruit,</strong></span> 
     </span>
     <span class='ocr_line' id='line_1_15' title="bbox 242 948 814 989; baseline 0 -9"><span class='ocrx_word' id='word_1_47' title='bbox 242 948 362 989; x_wconf 80' lang='lat' dir='ltr'>Jesu,</span> <span class='ocrx_word' id='word_1_48' title='bbox 389 951 539 980; x_wconf 84' lang='lat' dir='ltr'>nostra</span> <span class='ocrx_word' id='word_1_49' title='bbox 562 948 814 989; x_wconf 79' lang='lat' dir='ltr'>redemptio.</span> 
     </span>
    </p>
   </div>
   <div class='ocr_carea' id='block_1_6' title="bbox 182 1005 794 1429">
    <p class='ocr_par' dir='ltr' id='par_1_6' title="bbox 182 1005 794 1229">
     <span class='ocr_line' id='line_1_16' title="bbox 182 1005 681 1047; baseline -0.002 -9"><span class='ocrx_word' id='word_1_50' title='bbox 182 1006 216 1040; x_wconf 86' lang='lat'>4.</span> <span class='ocrx_word' id='word_1_51' title='bbox 244 1005 418 1037; x_wconf 78' lang='lat' dir='ltr'>Tarentum</span> <span class='ocrx_word' id='word_1_52' title='bbox 442 1008 480 1037; x_wconf 88' lang='lat' dir='ltr'>ut</span> <span class='ocrx_word' id='word_1_53' title='bbox 503 1006 681 1047; x_wconf 79' lang='lat' dir='ltr'>accederet,</span> 
     </span>
     <span class='ocr_line' id='line_1_17' title="bbox 243 1053 652 1093; baseline -0.002 -8"><span class='ocrx_word' id='word_1_54' title='bbox 243 1053 329 1085; x_wconf 87' lang='lat' dir='ltr'>Huic</span> <span class='ocrx_word' id='word_1_55' title='bbox 350 1053 475 1093; x_wconf 84' lang='lat' dir='ltr'>jussisti</span> <span class='ocrx_word' id='word_1_56' title='bbox 500 1053 652 1092; x_wconf 80' lang='lat' dir='ltr'>praesuli,</span> 
     </span>
     <span class='ocr_line' id='line_1_18' title="bbox 242 1100 660 1141; baseline 0 -9"><span class='ocrx_word' id='word_1_57' title='bbox 242 1100 289 1132; x_wconf 82' lang='lat' dir='ltr'>Et</span> <span class='ocrx_word' id='word_1_58' title='bbox 310 1101 464 1141; x_wconf 79' lang='lat' dir='ltr'>populum</span> <span class='ocrx_word' id='word_1_59' title='bbox 491 1101 660 1133; x_wconf 77' lang='lat' dir='ltr'>reduceret</span> 
     </span>
     <span class='ocr_line' id='line_1_19' title="bbox 243 1148 794 1189; baseline 0 -9"><span class='ocrx_word' id='word_1_60' title='bbox 243 1148 306 1180; x_wconf 84' lang='lat' dir='ltr'>Ad</span> <span class='ocrx_word' id='word_1_61' title='bbox 349 1157 518 1180; x_wconf 82' lang='lat' dir='ltr'>coenam</span> <span class='ocrx_word' id='word_1_62' title='bbox 560 1149 657 1189; x_wconf 80' lang='lat' dir='ltr'>agni</span> <span class='ocrx_word' id='word_1_63' title='bbox 698 1158 794 1189; x_wconf 85' lang='lat' dir='ltr'>pro-</span> 
     </span>
     <span class='ocr_line' id='line_1_20' title="bbox 583 1196 688 1229; baseline 0 0"><span class='ocrx_word' id='word_1_64' title='bbox 583 1206 603 1229; x_wconf 83' lang='lat' dir='ltr'>v</span> <span class='ocrx_word' id='word_1_65' title='bbox 612 1196 625 1227; x_wconf 94' lang='lat' dir='ltr'>i</span> <span class='ocrx_word' id='word_1_66' title='bbox 637 1196 688 1229; x_wconf 87' lang='lat' dir='ltr'>di.</span> 
     </span>
    </p>

    <p class='ocr_par' dir='ltr' id='par_1_7' title="bbox 187 1253 744 1429">
     <span class='ocr_line' id='line_1_21' title="bbox 187 1253 708 1295; baseline 0 -10"><span class='ocrx_word' id='word_1_67' title='bbox 187 1255 219 1285; x_wconf 85' lang='lat'>5.</span> <span class='ocrx_word' id='word_1_68' title='bbox 246 1253 361 1285; x_wconf 84' lang='lat' dir='ltr'>Ratem</span> <span class='ocrx_word' id='word_1_69' title='bbox 385 1253 495 1285; x_wconf 81' lang='lat' dir='ltr'>statim</span> <span class='ocrx_word' id='word_1_70' title='bbox 518 1253 708 1295; x_wconf 79' lang='lat' dir='ltr'>ingreditur,</span> 
     </span>
     <span class='ocr_line' id='line_1_22' title="bbox 243 1300 663 1341; baseline 0 -9"><span class='ocrx_word' id='word_1_71' title='bbox 243 1300 366 1333; x_wconf 83' lang='lat' dir='ltr'>Facere</span> <span class='ocrx_word' id='word_1_72' title='bbox 387 1300 478 1340; x_wconf 85' lang='lat' dir='ltr'>jussa</span> <span class='ocrx_word' id='word_1_73' title='bbox 501 1304 663 1341; x_wconf 80' lang='lat' dir='ltr'>properat,</span> 
     </span>
     <span class='ocr_line' id='line_1_23' title="bbox 243 1348 698 1389; baseline 0.002 -9"><span class='ocrx_word' id='word_1_74' title='bbox 243 1348 383 1381; x_wconf 83' lang='lat' dir='ltr'>Tarento</span> <span class='ocrx_word' id='word_1_75' title='bbox 408 1348 514 1381; x_wconf 89' lang='lat' dir='ltr'>lumen</span> <span class='ocrx_word' id='word_1_76' title='bbox 540 1349 698 1389; x_wconf 81' lang='lat' dir='ltr'>redditur,</span> 
     </span>
     <span class='ocr_line' id='line_1_24' title="bbox 242 1396 744 1429; baseline 0 -1"><span class='ocrx_word' id='word_1_77' title='bbox 242 1398 411 1429; x_wconf 84' lang='lat' dir='ltr'>Aurora</span> <span class='ocrx_word' id='word_1_78' title='bbox 436 1396 548 1429; x_wconf 89' lang='lat' dir='ltr'>lucis</span> <span class='ocrx_word' id='word_1_79' title='bbox 574 1396 744 1429; x_wconf 80' lang='lat' dir='ltr'>rutilat.</span> 
     </span>
    </p>
   </div>
   <div class='ocr_carea' id='block_1_7' title="bbox 885 405 1499 589">
    <p class='ocr_par' dir='ltr' id='par_1_8' title="bbox 885 405 1499 589">
     <span class='ocr_line' id='line_1_25' title="bbox 885 405 1410 446; baseline -0.004 -7"><span class='ocrx_word' id='word_1_80' title='bbox 885 407 915 439; x_wconf 85' lang='lat'>6.</span> <span class='ocrx_word' id='word_1_81' title='bbox 942 406 1060 438; x_wconf 84' lang='lat' dir='ltr'>Plenus</span> <span class='ocrx_word' id='word_1_82' title='bbox 1085 405 1138 438; x_wconf 87' lang='lat' dir='ltr'>hic</span> <span class='ocrx_word' id='word_1_83' title='bbox 1161 408 1270 438; x_wconf 88' lang='lat' dir='ltr'>sancto</span> <span class='ocrx_word' id='word_1_84' title='bbox 1294 405 1410 446; x_wconf 85' lang='lat' dir='ltr'>spiritu</span> 
     </span>
     <span class='ocr_line' id='line_1_26' title="bbox 943 452 1327 494; baseline 0 -9"><span class='ocrx_word' id='word_1_85' title='bbox 943 453 1066 486; x_wconf 83' lang='lat' dir='ltr'>Futura</span> <span class='ocrx_word' id='word_1_86' title='bbox 1091 452 1177 486; x_wconf 83' lang='lat' dir='ltr'>facta</span> <span class='ocrx_word' id='word_1_87' title='bbox 1200 454 1327 494; x_wconf 87' lang='lat' dir='ltr'>detegit,</span> 
     </span>
     <span class='ocr_line' id='line_1_27' title="bbox 944 501 1393 542; baseline 0.002 -9"><span class='ocrx_word' id='word_1_88' title='bbox 944 501 1022 533; x_wconf 81' lang='lat' dir='ltr'>Mox</span> <span class='ocrx_word' id='word_1_89' title='bbox 1046 502 1247 541; x_wconf 83' lang='lat' dir='ltr'>tempestatis</span> <span class='ocrx_word' id='word_1_90' title='bbox 1271 501 1393 542; x_wconf 90' lang='lat' dir='ltr'>impetu</span> 
     </span>
     <span class='ocr_line' id='line_1_28' title="bbox 942 548 1499 589; baseline 0.002 -9"><span class='ocrx_word' id='word_1_91' title='bbox 942 548 1026 581; x_wconf 79' lang='lat' dir='ltr'>Nox</span> <span class='ocrx_word' id='word_1_92' title='bbox 1051 552 1137 581; x_wconf 86' lang='lat' dir='ltr'>atra</span> <span class='ocrx_word' id='word_1_93' title='bbox 1170 549 1288 581; x_wconf 86' lang='lat' dir='ltr'>nubes</span> <span class='ocrx_word' id='word_1_94' title='bbox 1316 550 1499 589; x_wconf 88' lang='lat' dir='ltr'>contegit.</span> 
     </span>
    </p>
   </div>
   <div class='ocr_carea' id='block_1_8' title="bbox 889 605 1499 790">
    <p class='ocr_par' dir='ltr' id='par_1_9' title="bbox 889 605 1499 790">
     <span class='ocr_line' id='line_1_29' title="bbox 889 605 1418 638; baseline -0.002 0"><span class='ocrx_word' id='word_1_95' title='bbox 889 606 920 638; x_wconf 80' lang='lat'>¹7.</span> <span class='ocrx_word' id='word_1_96' title='bbox 947 605 1126 638; x_wconf 83' lang='lat' dir='ltr'>Nautarum</span> <span class='ocrx_word' id='word_1_97' title='bbox 1150 609 1253 638; x_wconf 84' lang='lat' dir='ltr'>motus</span> <span class='ocrx_word' id='word_1_98' title='bbox 1277 606 1418 638; x_wconf 81' lang='lat' dir='ltr'>lacrimis</span> 
     </span>
     <span class='ocr_line' id='line_1_30' title="bbox 945 653 1404 694; baseline 0 -9"><span class='ocrx_word' id='word_1_99' title='bbox 945 653 1111 686; x_wconf 82' lang='lat' dir='ltr'>Procellae</span> <span class='ocrx_word' id='word_1_100' title='bbox 1135 655 1231 685; x_wconf 82' lang='lat' dir='ltr'>maris</span> <span class='ocrx_word' id='word_1_101' title='bbox 1257 654 1404 694; x_wconf 84' lang='lat' dir='ltr'>imperat,</span> 
     </span>
     <span class='ocr_line' id='line_1_31' title="bbox 947 700 1386 743; baseline 0.002 -10"><span class='ocrx_word' id='word_1_102' title='bbox 947 701 1083 734; x_wconf 83' lang='lat' dir='ltr'>Sedatur</span> <span class='ocrx_word' id='word_1_103' title='bbox 1109 700 1217 733; x_wconf 80' lang='lat' dir='ltr'>fervor</span> <span class='ocrx_word' id='word_1_104' title='bbox 1238 700 1386 743; x_wconf 80' lang='lat' dir='ltr'>flaminis,</span> 
     </span>
     <span class='ocr_line' id='line_1_32' title="bbox 945 748 1499 790; baseline 0.007 -10"><span class='ocrx_word' id='word_1_105' title='bbox 945 748 1026 781; x_wconf 74' lang='lat' dir='ltr'>Vox</span> <span class='ocrx_word' id='word_1_106' title='bbox 1052 749 1173 788; x_wconf 72' lang='lat' dir='ltr'>clara,</span> <span class='ocrx_word' id='word_1_107' title='bbox 1198 758 1301 790; x_wconf 87' lang='lat' dir='ltr'>eece,</span> <span class='ocrx_word' id='word_1_108' title='bbox 1334 750 1499 785; x_wconf 81' lang='lat' dir='ltr'>intonat.</span> 
     </span>
    </p>
   </div>
   <div class='ocr_carea' id='block_1_9' title="bbox 886 805 1499 1032">
    <p class='ocr_par' dir='ltr' id='par_1_10' title="bbox 886 805 1499 990">
     <span class='ocr_line' id='line_1_33' title="bbox 886 805 1451 848; baseline 0 -9"><span class='ocrx_word' id='word_1_109' title='bbox 886 807 920 839; x_wconf 83' lang='lat'>8.</span> <span class='ocrx_word' id='word_1_110' title='bbox 946 805 1152 838; x_wconf 75' lang='lat' dir='ltr'>Confraetum</span> <span class='ocrx_word' id='word_1_111' title='bbox 1177 815 1292 848; x_wconf 77' lang='lat' dir='ltr'>corpus</span> <span class='ocrx_word' id='word_1_112' title='bbox 1316 807 1451 839; x_wconf 81' lang='lat' dir='ltr'>suscitat</span> 
     </span>
     <span class='ocr_line' id='line_1_34' title="bbox 945 853 1447 895; baseline 0.004 -10"><span class='ocrx_word' id='word_1_113' title='bbox 945 853 997 886; x_wconf 79' lang='lat' dir='ltr'>Ex</span> <span class='ocrx_word' id='word_1_114' title='bbox 1021 854 1103 886; x_wconf 82' lang='lat' dir='ltr'>malo</span> <span class='ocrx_word' id='word_1_115' title='bbox 1131 854 1263 895; x_wconf 84' lang='lat' dir='ltr'>cymbae</span> <span class='ocrx_word' id='word_1_116' title='bbox 1288 863 1447 895; x_wconf 86' lang='lat' dir='ltr'>corruens,</span> 
     </span>
     <span class='ocr_line' id='line_1_35' title="bbox 946 901 1429 943; baseline 0.004 -10"><span class='ocrx_word' id='word_1_117' title='bbox 946 902 1001 934; x_wconf 86' lang='lat' dir='ltr'>Ad</span> <span class='ocrx_word' id='word_1_118' title='bbox 1026 901 1125 935; x_wconf 85' lang='lat' dir='ltr'>vitam</span> <span class='ocrx_word' id='word_1_119' title='bbox 1150 911 1209 942; x_wconf 85' lang='lat' dir='ltr'>per</span> <span class='ocrx_word' id='word_1_120' title='bbox 1234 905 1266 934; x_wconf 93' lang='lat' dir='ltr'>te</span> <span class='ocrx_word' id='word_1_121' title='bbox 1290 905 1429 943; x_wconf 85' lang='lat' dir='ltr'>revocat,</span> 
     </span>
     <span class='ocr_line' id='line_1_36' title="bbox 943 949 1499 990; baseline 0.005 -10"><span class='ocrx_word' id='word_1_122' title='bbox 943 949 1123 982; x_wconf 88' lang='lat' dir='ltr'>Verbum</span> <span class='ocrx_word' id='word_1_123' title='bbox 1148 958 1373 990; x_wconf 86' lang='lat' dir='ltr'>supernum</span> <span class='ocrx_word' id='word_1_124' title='bbox 1403 960 1499 990; x_wconf 88' lang='lat' dir='ltr'>pro-</span> 
     </span>
    </p>

    <p class='ocr_par' dir='ltr' id='par_1_11' title="bbox 1274 997 1407 1032">
     <span class='ocr_line' id='line_1_37' title="bbox 1274 997 1407 1032; baseline 0.015 -2"><span class='ocrx_word' id='word_1_125' title='bbox 1274 997 1294 1030; x_wconf 89' lang='lat' dir='ltr'>d</span> <span class='ocrx_word' id='word_1_126' title='bbox 1302 998 1315 1028; x_wconf 93' lang='lat' dir='ltr'>i</span> <span class='ocrx_word' id='word_1_127' title='bbox 1324 1007 1341 1029; x_wconf 88' lang='lat' dir='ltr'>e</span> <span class='ocrx_word' id='word_1_128' title='bbox 1350 1008 1371 1029; x_wconf 86' lang='lat' dir='ltr'>u</span> <span class='ocrx_word' id='word_1_129' title='bbox 1380 1007 1407 1032; x_wconf 91' lang='lat' dir='ltr'>s.</span> 
     </span>
    </p>
   </div>
   <div class='ocr_carea' id='block_1_10' title="bbox 886 1053 1471 1230">
    <p class='ocr_par' dir='ltr' id='par_1_12' title="bbox 886 1053 1471 1230">
     <span class='ocr_line' id='line_1_38' title="bbox 886 1053 1364 1095; baseline -0.006 -7"><span class='ocrx_word' id='word_1_130' title='bbox 886 1055 916 1088; x_wconf 83' lang='lat'>9.</span> <span class='ocrx_word' id='word_1_131' title='bbox 940 1053 986 1086; x_wconf 89' lang='lat' dir='ltr'>Ut</span> <span class='ocrx_word' id='word_1_132' title='bbox 1010 1062 1127 1086; x_wconf 87' lang='lat' dir='ltr'>aurora</span> <span class='ocrx_word' id='word_1_133' title='bbox 1150 1054 1364 1095; x_wconf 80' lang='lat' dir='ltr'>progreditur,</span> 
     </span>
     <span class='ocr_line' id='line_1_39' title="bbox 943 1101 1399 1142; baseline 0.002 -9"><span class='ocrx_word' id='word_1_134' title='bbox 943 1101 1117 1133; x_wconf 84' lang='lat' dir='ltr'>Tarentum</span> <span class='ocrx_word' id='word_1_135' title='bbox 1144 1102 1230 1134; x_wconf 86' lang='lat' dir='ltr'>venit</span> <span class='ocrx_word' id='word_1_136' title='bbox 1253 1110 1399 1142; x_wconf 81' lang='lat' dir='ltr'>propere,</span> 
     </span>
     <span class='ocr_line' id='line_1_40' title="bbox 944 1149 1419 1189; baseline -0.002 -7"><span class='ocrx_word' id='word_1_137' title='bbox 944 1149 1129 1189; x_wconf 83' lang='lat' dir='ltr'>Lumenque</span> <span class='ocrx_word' id='word_1_138' title='bbox 1153 1158 1247 1182; x_wconf 79' lang='lat' dir='ltr'>caeco</span> <span class='ocrx_word' id='word_1_139' title='bbox 1271 1150 1419 1182; x_wconf 80' lang='lat' dir='ltr'>redditur</span> 
     </span>
     <span class='ocr_line' id='line_1_41' title="bbox 943 1197 1471 1230; baseline 0.002 -1"><span class='ocrx_word' id='word_1_140' title='bbox 943 1197 1034 1230; x_wconf 80' lang='lat' dir='ltr'>Jam</span> <span class='ocrx_word' id='word_1_141' title='bbox 1057 1197 1170 1229; x_wconf 87' lang='lat' dir='ltr'>lucis</span> <span class='ocrx_word' id='word_1_142' title='bbox 1196 1200 1287 1230; x_wconf 86' lang='lat' dir='ltr'>orto</span> <span class='ocrx_word' id='word_1_143' title='bbox 1313 1198 1471 1230; x_wconf 79' lang='lat' dir='ltr'>sidere.</span> 
     </span>
    </p>
   </div>
   <div class='ocr_carea' id='block_1_11' title="bbox 874 1254 1437 1430">
    <p class='ocr_par' dir='ltr' id='par_1_13' title="bbox 874 1254 1437 1430">
     <span class='ocr_line' id='line_1_42' title="bbox 874 1254 1437 1296; baseline 0.002 -10"><span class='ocrx_word' id='word_1_144' title='bbox 874 1254 930 1287; x_wconf 82' lang='lat'>10.</span> <span class='ocrx_word' id='word_1_145' title='bbox 944 1254 1116 1287; x_wconf 82' lang='lat' dir='ltr'>Praedicat</span> <span class='ocrx_word' id='word_1_146' title='bbox 1140 1254 1274 1286; x_wconf 83' lang='lat' dir='ltr'>verbum</span> <span class='ocrx_word' id='word_1_147' title='bbox 1297 1254 1437 1296; x_wconf 82' lang='lat' dir='ltr'>Domini,</span> 
     </span>
     <span class='ocr_line' id='line_1_43' title="bbox 945 1300 1363 1342; baseline 0.002 -9"><span class='ocrx_word' id='word_1_148' title='bbox 945 1300 998 1334; x_wconf 82' lang='lat' dir='ltr'>Sic</span> <span class='ocrx_word' id='word_1_149' title='bbox 1022 1302 1125 1333; x_wconf 86' lang='lat' dir='ltr'>credit</span> <span class='ocrx_word' id='word_1_150' title='bbox 1149 1304 1217 1334; x_wconf 84' lang='lat' dir='ltr'>tota</span> <span class='ocrx_word' id='word_1_151' title='bbox 1242 1302 1363 1342; x_wconf 79' lang='lat' dir='ltr'>civitas,</span> 
     </span>
     <span class='ocr_line' id='line_1_44' title="bbox 944 1348 1421 1391; baseline 0.004 -11"><span class='ocrx_word' id='word_1_152' title='bbox 944 1348 1030 1381; x_wconf 90' lang='lat' dir='ltr'>Hinc</span> <span class='ocrx_word' id='word_1_153' title='bbox 1053 1350 1122 1381; x_wconf 84' lang='lat' dir='ltr'>laus</span> <span class='ocrx_word' id='word_1_154' title='bbox 1148 1350 1190 1381; x_wconf 88' lang='lat' dir='ltr'>sit</span> <span class='ocrx_word' id='word_1_155' title='bbox 1213 1352 1267 1381; x_wconf 85' lang='lat' dir='ltr'>tuo</span> <span class='ocrx_word' id='word_1_156' title='bbox 1292 1350 1421 1391; x_wconf 81' lang='lat' dir='ltr'>nomini,</span> 
     </span>
     <span class='ocr_line' id='line_1_45' title="bbox 945 1396 1436 1430; baseline 0 0"><span class='ocrx_word' id='word_1_157' title='bbox 945 1396 969 1430; x_wconf 95' lang='lat' dir='ltr'>O</span> <span class='ocrx_word' id='word_1_158' title='bbox 995 1398 1068 1430; x_wconf 80' lang='lat' dir='ltr'>lux</span> <span class='ocrx_word' id='word_1_159' title='bbox 1092 1397 1112 1429; x_wconf 93' lang='lat' dir='ltr'>b</span> <span class='ocrx_word' id='word_1_160' title='bbox 1124 1399 1219 1429; x_wconf 86' lang='lat' dir='ltr'>eata</span> <span class='ocrx_word' id='word_1_161' title='bbox 1243 1397 1436 1430; x_wconf 66' lang='lat' dir='ltr'>trinitas</span> 
     </span>
    </p>
   </div>
   <div class='ocr_carea' id='block_1_12' title="bbox 542 1454 1141 1495">
    <p class='ocr_par' dir='ltr' id='par_1_14' title="bbox 542 1454 1141 1495">
     <span class='ocr_line' id='line_1_46' title="bbox 542 1454 1141 1495; baseline -0.005 -7"><span class='ocrx_word' id='word_1_162' title='bbox 542 1454 597 1488; x_wconf 88' lang='lat'>11.</span> <span class='ocrx_word' id='word_1_163' title='bbox 624 1454 830 1495; x_wconf 76' lang='lat' dir='ltr'>Quaesumus,</span> <span class='ocrx_word' id='word_1_164' title='bbox 856 1456 970 1487; x_wconf 80' lang='lat' dir='ltr'>auctor</span> <span class='ocrx_word' id='word_1_165' title='bbox 994 1454 1141 1487; x_wconf 88' lang='lat' dir='ltr'>omnium.</span> 
     </span>
    </p>
   </div>
   <div class='ocr_carea' id='block_1_13' title="bbox 256 1527 1502 1565">
    <p class='ocr_par' dir='ltr' id='par_1_15' title="bbox 256 1527 1502 1565">
     <span class='ocr_line' id='line_1_47' title="bbox 256 1527 1502 1565; baseline 0.003 -10"><span class='ocrx_word' id='word_1_166' title='bbox 256 1529 343 1556; x_wconf 87' lang='lat' dir='ltr'>Brev.</span> <span class='ocrx_word' id='word_1_167' title='bbox 368 1529 679 1558; x_wconf 79' lang='lat' dir='ltr'>Gallicano-Siculum</span> <span class='ocrx_word' id='word_1_168' title='bbox 701 1530 771 1565; x_wconf 86' lang='lat' dir='ltr'>imp.</span> <span class='ocrx_word' id='word_1_169' title='bbox 792 1529 925 1557; x_wconf 80' lang='lat' dir='ltr'>Venetiis</span> <span class='ocrx_word' id='word_1_170' title='bbox 951 1527 1031 1557; x_wconf 80' lang='lat'>1527.</span> <span class='ocrx_word' id='word_1_171' title='bbox 1054 1546 1057 1550; x_wconf 89' lang='lat'><em>-</em></span> <span class='ocrx_word' id='word_1_172' title='bbox 1087 1545 1090 1549; x_wconf 95' lang='lat'>-</span> <span class='ocrx_word' id='word_1_173' title='bbox 1117 1527 1195 1558; x_wconf 86' lang='lat' dir='ltr'>Uber</span> <span class='ocrx_word' id='word_1_174' title='bbox 1215 1530 1336 1558; x_wconf 78' lang='lat' dir='ltr'>Rachau</span> <span class='ocrx_word' id='word_1_175' title='bbox 1357 1530 1406 1558; x_wconf 81' lang='lat' dir='ltr'>cfr.</span> <span class='ocrx_word' id='word_1_176' title='bbox 1427 1531 1502 1559; x_wconf 80' lang='lat' dir='ltr'>Acta</span> 
     </span>
    </p>
   </div>
   <div class='ocr_carea' id='block_1_14' title="bbox 185 1566 584 1603">
    <p class='ocr_par' dir='ltr' id='par_1_16' title="bbox 185 1566 584 1603">
     <span class='ocr_line' id='line_1_48' title="bbox 185 1566 584 1603; baseline 0.003 -9"><span class='ocrx_word' id='word_1_177' title='bbox 185 1566 237 1596; x_wconf 80' lang='lat' dir='ltr'>ss.</span> <span class='ocrx_word' id='word_1_178' title='bbox 258 1566 333 1603; x_wconf 70' lang='lat' dir='ltr'>Maji</span> <span class='ocrx_word' id='word_1_179' title='bbox 354 1567 389 1602; x_wconf 88' lang='lat' dir='ltr'>V,</span> <span class='ocrx_word' id='word_1_180' title='bbox 410 1566 466 1596; x_wconf 83' lang='lat'>575</span> <span class='ocrx_word' id='word_1_181' title='bbox 484 1569 537 1597; x_wconf 52' lang='grc' dir='ltr'>ΝΥ,</span> <span class='ocrx_word' id='word_1_182' title='bbox 556 1566 584 1597; x_wconf 83' lang='lat'>4.</span> 
     </span>
    </p>
   </div>
   <div class='ocr_carea' id='block_1_15' title="bbox 640 1718 1059 1835">
    <p class='ocr_par' dir='ltr' id='par_1_17' title="bbox 640 1718 1059 1835">
     <span class='ocr_line' id='line_1_49' title="bbox 640 1718 1059 1752; baseline -0.002 -1"><span class='ocrx_word' id='word_1_183' title='bbox 640 1718 697 1751; x_wconf 77' lang='lat'>112.</span> <span class='ocrx_word' id='word_1_184' title='bbox 727 1719 773 1752; x_wconf 83' lang='lat' dir='ltr'>Dc</span> <span class='ocrx_word' id='word_1_185' title='bbox 792 1720 898 1752; x_wconf 84' lang='lat' dir='ltr'>sancto</span> <span class='ocrx_word' id='word_1_186' title='bbox 921 1718 1059 1751; x_wconf 70' lang='lat' dir='ltr'>cataldo.</span> 
     </span>
     <span class='ocr_line' id='line_1_50' title="bbox 722 1796 966 1835; baseline -0.004 -8"><span class='ocrx_word' id='word_1_187' title='bbox 722 1797 758 1827; x_wconf 85' lang='lat' dir='ltr'>In</span> <span class='ocrx_word' id='word_1_188' title='bbox 778 1797 795 1826; x_wconf 87' lang='grc'><strong><em>2</em></strong></span> <span class='ocrx_word' id='word_1_189' title='bbox 815 1796 966 1835; x_wconf 83' lang='lat' dir='ltr'>Vesperis.</span> 
     </span>
    </p>
   </div>
   <div class='ocr_carea' id='block_1_16' title="bbox 183 1876 674 2054">
    <p class='ocr_par' dir='ltr' id='par_1_18' title="bbox 183 1876 674 2054">
     <span class='ocr_line' id='line_1_51' title="bbox 183 1876 674 1917; baseline -0.004 -7"><span class='ocrx_word' id='word_1_190' title='bbox 183 1877 214 1910; x_wconf 78' lang='lat'>1.</span> <span class='ocrx_word' id='word_1_191' title='bbox 240 1876 364 1915; x_wconf 74' lang='lat' dir='ltr'>Gaude,</span> <span class='ocrx_word' id='word_1_192' title='bbox 390 1876 525 1909; x_wconf 79' lang='lat' dir='ltr'>Tarenti</span> <span class='ocrx_word' id='word_1_193' title='bbox 549 1877 674 1917; x_wconf 82' lang='lat' dir='ltr'>civitas,</span> 
     </span>
     <span class='ocr_line' id='line_1_52' title="bbox 240 1924 613 1965; baseline -0.003 -8"><span class='ocrx_word' id='word_1_194' title='bbox 240 1924 315 1957; x_wconf 89' lang='lat' dir='ltr'>Tali</span> <span class='ocrx_word' id='word_1_195' title='bbox 340 1924 443 1957; x_wconf 82' lang='lat' dir='ltr'>ditata</span> <span class='ocrx_word' id='word_1_196' title='bbox 468 1933 613 1965; x_wconf 81' lang='lat' dir='ltr'>corpore,</span> 
     </span>
     <span class='ocr_line' id='line_1_53' title="bbox 244 1972 594 2013; baseline -0.006 -8"><span class='ocrx_word' id='word_1_197' title='bbox 244 1972 340 2013; x_wconf 83' lang='lat' dir='ltr'>Cujus</span> <span class='ocrx_word' id='word_1_198' title='bbox 366 1972 428 2005; x_wconf 83' lang='lat' dir='ltr'>viri</span> <span class='ocrx_word' id='word_1_199' title='bbox 453 1972 594 2005; x_wconf 80' lang='lat' dir='ltr'>suavitas</span> 
     </span>
     <span class='ocr_line' id='line_1_54' title="bbox 240 2019 670 2054; baseline 0.002 -1"><span class='ocrx_word' id='word_1_200' title='bbox 240 2020 387 2054; x_wconf 89' lang='lat' dir='ltr'>Infirmos</span> <span class='ocrx_word' id='word_1_201' title='bbox 413 2019 520 2052; x_wconf 82' lang='lat' dir='ltr'>firmat</span> <span class='ocrx_word' id='word_1_202' title='bbox 544 2020 670 2054; x_wconf 85' lang='lat' dir='ltr'>robore.</span> 
     </span>
    </p>
   </div>
   <div class='ocr_carea' id='block_1_17' title="bbox 182 2078 697 2256">
    <p class='ocr_par' dir='ltr' id='par_1_19' title="bbox 182 2078 697 2256">
     <span class='ocr_line' id='line_1_55' title="bbox 182 2078 599 2119; baseline -0.007 -6"><span class='ocrx_word' id='word_1_203' title='bbox 182 2081 212 2114; x_wconf 83' lang='lat'>2.</span> <span class='ocrx_word' id='word_1_204' title='bbox 244 2079 397 2112; x_wconf 83' lang='lat' dir='ltr'>Cataldus</span> <span class='ocrx_word' id='word_1_205' title='bbox 422 2078 599 2119; x_wconf 85' lang='lat' dir='ltr'>pudicitiae</span> 
     </span>
     <span class='ocr_line' id='line_1_56' title="bbox 242 2126 697 2170; baseline -0.004 -10"><span class='ocrx_word' id='word_1_206' title='bbox 242 2126 321 2160; x_wconf 78' lang='lat' dir='ltr'>Flos</span> <span class='ocrx_word' id='word_1_207' title='bbox 351 2129 383 2159; x_wconf 88' lang='lat' dir='ltr'>et</span> <span class='ocrx_word' id='word_1_208' title='bbox 408 2126 558 2160; x_wconf 89' lang='lat' dir='ltr'>candoris</span> <span class='ocrx_word' id='word_1_209' title='bbox 582 2126 697 2170; x_wconf 84' lang='lat' dir='ltr'>lilium,</span> 
     </span>
     <span class='ocr_line' id='line_1_57' title="bbox 242 2174 635 2216; baseline -0.008 -6"><span class='ocrx_word' id='word_1_210' title='bbox 242 2175 429 2210; x_wconf 80' lang='lat' dir='ltr'>Sanctitatis</span> <span class='ocrx_word' id='word_1_211' title='bbox 455 2178 488 2207; x_wconf 85' lang='lat' dir='ltr'>et</span> <span class='ocrx_word' id='word_1_212' title='bbox 510 2174 635 2216; x_wconf 81' lang='lat' dir='ltr'>gratiae</span> 
     </span>
     <span class='ocr_line' id='line_1_58' title="bbox 240 2221 669 2256; baseline 0 -1"><span class='ocrx_word' id='word_1_213' title='bbox 240 2223 305 2256; x_wconf 80' lang='lat' dir='ltr'>Vas</span> <span class='ocrx_word' id='word_1_214' title='bbox 332 2226 365 2255; x_wconf 86' lang='lat' dir='ltr'>et</span> <span class='ocrx_word' id='word_1_215' title='bbox 387 2224 490 2256; x_wconf 85' lang='lat' dir='ltr'>honor</span> <span class='ocrx_word' id='word_1_216' title='bbox 514 2221 669 2256; x_wconf 85' lang='lat' dir='ltr'>fidelium.</span> 
     </span>
    </p>
   </div>
   <div class='ocr_carea' id='block_1_18' title="bbox 183 2281 773 2464">
    <p class='ocr_par' dir='ltr' id='par_1_20' title="bbox 183 2281 773 2464">
     <span class='ocr_line' id='line_1_59' title="bbox 183 2281 659 2321; baseline -0.006 -5"><span class='ocrx_word' id='word_1_217' title='bbox 183 2283 214 2316; x_wconf 82' lang='lat'>3.</span> <span class='ocrx_word' id='word_1_218' title='bbox 243 2281 339 2314; x_wconf 83' lang='lat' dir='ltr'>Ortus</span> <span class='ocrx_word' id='word_1_219' title='bbox 366 2282 455 2321; x_wconf 87' lang='lat' dir='ltr'>eujus</span> <span class='ocrx_word' id='word_1_220' title='bbox 482 2281 659 2315; x_wconf 84' lang='lat' dir='ltr'>clarissima</span> 
     </span>
     <span class='ocr_line' id='line_1_60' title="bbox 242 2328 672 2370; baseline -0.002 -9"><span class='ocrx_word' id='word_1_221' title='bbox 242 2328 345 2361; x_wconf 76' lang='lat' dir='ltr'>Stella</span> <span class='ocrx_word' id='word_1_222' title='bbox 368 2329 513 2369; x_wconf 82' lang='lat' dir='ltr'>signatus</span> <span class='ocrx_word' id='word_1_223' title='bbox 539 2329 672 2370; x_wconf 83' lang='lat' dir='ltr'>exstitit,</span> 
     </span>
     <span class='ocr_line' id='line_1_61' title="bbox 241 2376 773 2417; baseline 0 -9"><span class='ocrx_word' id='word_1_224' title='bbox 241 2376 341 2416; x_wconf 73' lang='lat' dir='ltr'>Quem</span> <span class='ocrx_word' id='word_1_225' title='bbox 365 2385 476 2416; x_wconf 76' lang='lat' dir='ltr'>magus</span> <span class='ocrx_word' id='word_1_226' title='bbox 500 2378 635 2417; x_wconf 77' lang='lat' dir='ltr'>tangens</span> <span class='ocrx_word' id='word_1_227' title='bbox 659 2377 773 2409; x_wconf 81' lang='lat' dir='ltr'>intima</span> 
     </span>
     <span class='ocr_line' id='line_1_62' title="bbox 243 2422 663 2464; baseline 0.002 -7"><span class='ocrx_word' id='word_1_228' title='bbox 243 2424 333 2457; x_wconf 83' lang='lat' dir='ltr'>Scire</span> <span class='ocrx_word' id='word_1_229' title='bbox 358 2422 468 2459; x_wconf 80' lang='lat' dir='ltr'>futura</span> <span class='ocrx_word' id='word_1_230' title='bbox 491 2424 663 2464; x_wconf 79' lang='lat' dir='ltr'>praestitit.</span> 
     </span>
    </p>
   </div>
   <div class='ocr_carea' id='block_1_19' title="bbox 874 1875 1465 2063">
    <p class='ocr_par' dir='ltr' id='par_1_21' title="bbox 874 1875 1465 2063">
     <span class='ocr_line' id='line_1_63' title="bbox 874 1875 1363 1911; baseline -0.008 0"><span class='ocrx_word' id='word_1_231' title='bbox 874 1878 905 1911; x_wconf 78' lang='lat'>4.</span> <span class='ocrx_word' id='word_1_232' title='bbox 931 1876 996 1909; x_wconf 82' lang='lat' dir='ltr'>Hic</span> <span class='ocrx_word' id='word_1_233' title='bbox 1019 1877 1092 1909; x_wconf 70' lang='lat' dir='ltr'>alvo</span> <span class='ocrx_word' id='word_1_234' title='bbox 1115 1875 1229 1908; x_wconf 79' lang='lat' dir='ltr'>matris</span> <span class='ocrx_word' id='word_1_235' title='bbox 1254 1875 1363 1907; x_wconf 77' lang='lat' dir='ltr'>exiens</span> 
     </span>
     <span class='ocr_line' id='line_1_64' title="bbox 931 1922 1397 1964; baseline -0.006 -8"><span class='ocrx_word' id='word_1_236' title='bbox 931 1924 1033 1956; x_wconf 86' lang='lat' dir='ltr'>Partu</span> <span class='ocrx_word' id='word_1_237' title='bbox 1058 1922 1241 1956; x_wconf 80' lang='lat' dir='ltr'>defunctam</span> <span class='ocrx_word' id='word_1_238' title='bbox 1266 1923 1397 1964; x_wconf 82' lang='lat' dir='ltr'>reperit,</span> 
     </span>
     <span class='ocr_line' id='line_1_65' title="bbox 932 1971 1386 2012; baseline -0.002 -8"><span class='ocrx_word' id='word_1_239' title='bbox 932 1973 1032 2012; x_wconf 79' lang='lat' dir='ltr'>Quam</span> <span class='ocrx_word' id='word_1_240' title='bbox 1056 1971 1223 2004; x_wconf 82' lang='lat' dir='ltr'>suscitavit</span> <span class='ocrx_word' id='word_1_241' title='bbox 1246 1971 1386 2012; x_wconf 79' lang='lat' dir='ltr'>largiens</span> 
     </span>
     <span class='ocr_line' id='line_1_66' title="bbox 932 2020 1465 2063; baseline 0.002 -11"><span class='ocrx_word' id='word_1_242' title='bbox 932 2020 1048 2063; x_wconf 88' lang='lat' dir='ltr'>Vitam,</span> <span class='ocrx_word' id='word_1_243' title='bbox 1076 2028 1156 2059; x_wconf 83' lang='lat' dir='ltr'>quae</span> <span class='ocrx_word' id='word_1_244' title='bbox 1180 2022 1310 2052; x_wconf 86' lang='lat' dir='ltr'>cunctos</span> <span class='ocrx_word' id='word_1_245' title='bbox 1338 2020 1465 2053; x_wconf 83' lang='lat' dir='ltr'>deserit.</span> 
     </span>
    </p>
   </div>
   <div class='ocr_carea' id='block_1_20' title="bbox 874 2077 1483 2459">
    <p class='ocr_par' dir='ltr' id='par_1_22' title="bbox 900 2077 1483 2263">
     <span class='ocr_line' id='line_1_67' title="bbox 900 2077 1385 2117; baseline -0.002 -7"><span class='ocrx_word' id='word_1_246' title='bbox 900 2104 905 2110; x_wconf 96' lang='lat'>.</span> <span class='ocrx_word' id='word_1_247' title='bbox 935 2077 1039 2117; x_wconf 85' lang='lat' dir='ltr'>Caput</span> <span class='ocrx_word' id='word_1_248' title='bbox 1064 2078 1131 2117; x_wconf 85' lang='lat' dir='ltr'>ejus</span> <span class='ocrx_word' id='word_1_249' title='bbox 1156 2087 1220 2110; x_wconf 90' lang='lat' dir='ltr'>non</span> <span class='ocrx_word' id='word_1_250' title='bbox 1244 2077 1385 2110; x_wconf 87' lang='lat' dir='ltr'>laeditur</span> 
     </span>
     <span class='ocr_line' id='line_1_68' title="bbox 931 2125 1412 2167; baseline -0.002 -9"><span class='ocrx_word' id='word_1_251' title='bbox 931 2126 1054 2158; x_wconf 90' lang='lat' dir='ltr'>Durum</span> <span class='ocrx_word' id='word_1_252' title='bbox 1081 2127 1198 2159; x_wconf 80' lang='lat' dir='ltr'>cadens</span> <span class='ocrx_word' id='word_1_253' title='bbox 1222 2126 1256 2158; x_wconf 87' lang='lat' dir='ltr'>in</span> <span class='ocrx_word' id='word_1_254' title='bbox 1280 2125 1412 2167; x_wconf 85' lang='lat' dir='ltr'>silicem,</span> 
     </span>
     <span class='ocr_line' id='line_1_69' title="bbox 934 2173 1394 2216; baseline -0.002 -10"><span class='ocrx_word' id='word_1_255' title='bbox 934 2173 1029 2214; x_wconf 77' lang='lat' dir='ltr'>Cujus</span> <span class='ocrx_word' id='word_1_256' title='bbox 1054 2183 1137 2216; x_wconf 82' lang='lat' dir='ltr'>aqua</span> <span class='ocrx_word' id='word_1_257' title='bbox 1163 2175 1237 2207; x_wconf 85' lang='lat' dir='ltr'>dum</span> <span class='ocrx_word' id='word_1_258' title='bbox 1261 2173 1394 2215; x_wconf 83' lang='lat' dir='ltr'>bibitur,</span> 
     </span>
     <span class='ocr_line' id='line_1_70' title="bbox 932 2222 1483 2263; baseline 0 -9"><span class='ocrx_word' id='word_1_259' title='bbox 932 2222 1030 2263; x_wconf 83' lang='lat' dir='ltr'>Spem</span> <span class='ocrx_word' id='word_1_260' title='bbox 1054 2223 1158 2263; x_wconf 85' lang='lat' dir='ltr'>aegris</span> <span class='ocrx_word' id='word_1_261' title='bbox 1186 2222 1242 2255; x_wconf 86' lang='lat' dir='ltr'>dat</span> <span class='ocrx_word' id='word_1_262' title='bbox 1265 2222 1483 2263; x_wconf 77' lang='lat' dir='ltr'>multiplicem.</span> 
     </span>
    </p>

    <p class='ocr_par' dir='ltr' id='par_1_23' title="bbox 874 2279 1430 2320">
     <span class='ocr_line' id='line_1_71' title="bbox 874 2279 1430 2320; baseline -0.002 -7"><span class='ocrx_word' id='word_1_263' title='bbox 874 2281 905 2314; x_wconf 83' lang='grc'>6.</span> <span class='ocrx_word' id='word_1_264' title='bbox 933 2279 1113 2320; x_wconf 76' lang='lat' dir='ltr'>Splendens</span> <span class='ocrx_word' id='word_1_265' title='bbox 1141 2280 1306 2312; x_wconf 86' lang='lat' dir='ltr'>doctrinae</span> <span class='ocrx_word' id='word_1_266' title='bbox 1329 2280 1430 2312; x_wconf 79' lang='lat' dir='ltr'>radiis</span> 
     </span>
    </p>

    <p class='ocr_par' dir='ltr' id='par_1_24' title="bbox 932 2327 1382 2368">
     <span class='ocr_line' id='line_1_72' title="bbox 932 2327 1382 2368; baseline -0.002 -8"><span class='ocrx_word' id='word_1_267' title='bbox 932 2328 1074 2368; x_wconf 76' lang='lat' dir='ltr'>Virginis</span> <span class='ocrx_word' id='word_1_268' title='bbox 1101 2328 1217 2361; x_wconf 84' lang='lat' dir='ltr'>donum</span> <span class='ocrx_word' id='word_1_269' title='bbox 1242 2327 1382 2361; x_wconf 80' lang='lat' dir='ltr'>fabricat</span> 
     </span>
    </p>

    <p class='ocr_par' dir='ltr' id='par_1_25' title="bbox 933 2376 1322 2417">
     <span class='ocr_line' id='line_1_73' title="bbox 933 2376 1322 2417; baseline 0 -9"><span class='ocrx_word' id='word_1_270' title='bbox 933 2376 1140 2417; x_wconf 76' lang='lat' dir='ltr'>Radiansque</span> <span class='ocrx_word' id='word_1_271' title='bbox 1164 2376 1322 2416; x_wconf 80' lang='lat' dir='ltr'>prodigiis</span> 
     </span>
    </p>

    <p class='ocr_par' dir='ltr' id='par_1_26' title="bbox 932 2422 1426 2459">
     <span class='ocr_line' id='line_1_74' title="bbox 932 2422 1426 2459; baseline 0.002 -3"><span class='ocrx_word' id='word_1_272' title='bbox 932 2423 987 2457; x_wconf 88' lang='lat' dir='ltr'>Ad</span> <span class='ocrx_word' id='word_1_273' title='bbox 1012 2423 1111 2457; x_wconf 87' lang='lat' dir='ltr'>vitam</span> <span class='ocrx_word' id='word_1_274' title='bbox 1135 2422 1262 2459; x_wconf 84' lang='lat' dir='ltr'>functos</span> <span class='ocrx_word' id='word_1_275' title='bbox 1287 2427 1426 2457; x_wconf 85' lang='lat' dir='ltr'>revocat.</span> 
     </span>
    </p>
   </div>
   <div class='ocr_carea' id='block_1_21' title="bbox 875 2080 892 2111">
    <p class='ocr_par' dir='ltr' id='par_1_27' title="bbox 875 2080 892 2111">
     <span class='ocr_line' id='line_1_75' title="bbox 875 2080 892 2111; textangle 90"><span class='ocrx_word' id='word_1_276' title='bbox 875 2080 892 2111; x_wconf 65' lang='grc' dir='ltr'>ΕΣ(</span> 
     </span>
    </p>
   </div>
  </div>
 </body>
</html>
