1651 2621
734 133 993 169 *262—

672 227 742 259 443.
772 228 816 259 De
837 225 945 257 sancto
969 225 1056 264 Syro.

766 285 814 314 Ad
834 283 964 314 Laudes.

219 347 248 379 1.
276 346 417 379 Antistes
440 342 540 384 Syrus
565 345 694 376 veniens
893 344 926 376 4.
954 343 1018 376 Sed
1043 346 1118 384 post
1141 344 1276 375 salutem
1300 342 1433 382 spiritus

271 393 332 425 Dei
356 394 444 425 vates
470 390 616 431 efficitur,
948 391 1014 423 Dat
1038 391 1191 423 sanitates
1217 399 1395 431 corporum,

272 439 481 474 Vaticinando
507 439 666 479 gaudium,
954 438 1071 471 Caecos
1098 443 1129 470 et
1153 442 1255 471 mutos
1280 437 1423 470 liberans

269 488 359 528 Quod
384 490 491 519 manet
513 487 547 518 in
571 489 769 526 perpetuum.
951 487 1001 518 Ac
1025 488 1164 518 mortuos
1190 485 1366 518 vivificans.

213 547 243 577 2.
271 545 346 577 Post
369 545 448 576 haec
473 544 578 583 coepit
603 544 789 583 depromere
893 545 923 576 5.
953 542 1043 575 Cives
1070 552 1144 583 ergo
1169 542 1317 575 catholici

271 592 385 625 Fidem
409 591 511 630 patris
538 594 570 622 et
593 590 660 629 filii,
951 590 1121 622 Cernentes
1147 591 1228 622 mira
1253 599 1352 631 opera

272 640 392 678 Ortum,
418 647 618 678 progressum
643 639 792 670 nuntians
950 637 1182 670 Glorificabant:
1204 638 1386 678 Dominum,

271 687 375 727 Atque
401 686 484 716 diem
507 686 631 724 judicii.
948 685 1007 724 Qui
1031 686 1128 717 talem
1155 686 1245 718 dedit
1268 685 1459 725 praesulem.

216 744 247 776 3.
273 743 362 774 Haec
385 742 548 774 audientes
573 743 683 782 populi
891 744 922 775 6.
949 742 1102 774 Excursis
1124 743 1191 782 jam
1214 741 1353 774 feliciter

271 790 347 821 Mox
375 788 578 820 crediderunt
600 790 632 820 in
658 790 775 830 Jesum,
949 790 1050 821 Annis
1074 794 1198 822 centum
1226 789 1402 832 duodecim,

274 836 431 875 Baptizati
457 836 608 867 velociter
949 837 1057 868 Terris
1084 838 1197 869 relicto
1224 845 1358 877 corpore

274 884 310 916 Iu
336 891 417 923 aqua
442 885 473 913 et
496 883 528 914 in
553 883 676 923 spiritu.
952 884 1106 925 Migravit
1130 885 1171 917 ad
1197 884 1355 917 coelestia.

649 941 680 973 7.
709 940 821 974 Gloria
845 942 887 974 sit
911 941 1059 980 ingenite.

292 995 374 1024 Rrev.
402 1003 453 1021 ms.
478 995 706 1023 Humiliatorum
734 1005 807 1025 saec.
836 996 878 1025 15.
918 997 986 1026 Cod.
1006 998 1190 1025 Ambrosian.
1216 999 1231 1026 I
1258 997 1312 1026 197
1340 998 1390 1025 inf.
1417 998 1451 1026 A.
1478 1015 1517 1019 —

216 1032 378 1097 Ειξ-οῑιτῃδῐὲιδε.
399 1032 627 1060 Humiliatorum
653 1042 727 1061 saec.
757 1034 799 1062 15.
840 1036 909 1064 Cod.
933 1036 1116 1063 Ambrosian.
1137 1036 1166 1064 H
1187 1034 1242 1064 267
1263 1037 1313 1064 inf.
1334 1037 1367 1063 B.
1388 1053 1425 1057 —
1447 1035 1476 1071 6,
1500 1035 1515 1064 1

632 1163 701 1193 444.
730 1164 774 1195 De
795 1172 817 1195 s.
840 1165 915 1203 Syro
937 1164 1095 1196 Januensi.

749 1222 796 1251 Ad
816 1223 961 1259 Vesperas

220 1277 250 1309 1.
280 1277 427 1309 Exsultet
450 1277 543 1309 laude
568 1278 670 1310 Janua
904 1283 934 1314 7.
962 1281 1076 1321 Syrum
1101 1291 1141 1314 ne
1165 1283 1259 1315 tollat
1283 1284 1374 1324 visio,

275 1323 371 1355 Festa
395 1331 554 1355 resumens
580 1334 691 1367 annua,
962 1329 1166 1369 Praeceptori
1191 1331 1398 1374 obtemperat,

277 1371 381 1410 Ipsius
405 1371 506 1402 sancti
530 1373 686 1412 praesidis
962 1376 1147 1416 Compulsus
1173 1387 1230 1417 pro
1258 1378 1370 1410 exsilio

275 1417 347 1457 Syri
371 1417 494 1456 repleta
517 1419 651 1458 gaudiis.
960 1423 1164 1455 Maticianam
1189 1429 1352 1466 properat.

221 1475 251 1506 2.
277 1473 425 1505 Culturae
448 1475 548 1506 sancti
573 1476 711 1508 traditur
904 1480 934 1512 8.
961 1480 1141 1522 Parentum,
1167 1484 1286 1522 mundi,
1314 1484 1439 1522 patriae

277 1520 393 1552 Felicis
418 1520 503 1552 clara
526 1522 679 1566 plantula,
961 1526 1089 1566 Sprevit,
1113 1528 1210 1568 Syrus
1235 1531 1392 1571 solatium,

278 1566 382 1599 Sacris
409 1567 559 1599 doctrinis
585 1570 699 1602 colitur
960 1574 1058 1606 Melle
1081 1574 1220 1608 refectus
1245 1578 1367 1618 latriae,

274 1613 411 1645 Fructus
436 1614 585 1646 virtutum
611 1616 726 1656 bajula.
959 1621 1049 1652 Mitis
1075 1621 1179 1654 ferens
1206 1625 1360 1658 exsilium.

219 1671 250 1703 3.
279 1669 388 1701 Infans
413 1670 513 1702 saliva
535 1673 687 1704 merulam
905 1677 936 1710 9.
964 1676 1077 1709 Natam
1104 1681 1229 1712 sanavit
1254 1681 1358 1714 Gallio

274 1717 349 1749 Vita
379 1717 508 1749 donavit
528 1723 692 1762 mortuam,
965 1724 1113 1757 Vexatam
1137 1736 1157 1759 a
1183 1728 1357 1771 daemonic,

274 1764 378 1795 Verbo
402 1763 503 1804 ligans
528 1766 685 1806 navigium
961 1770 1014 1803 Sic
1038 1781 1144 1806 omnes
1169 1780 1258 1808 curat
1282 1786 1419 1817 propere

274 1811 390 1844 Contra
415 1814 578 1844 ventorum
602 1814 763 1853 impetum.
960 1816 1059 1858 Syrus
1082 1821 1267 1863 languentes
1292 1832 1434 1865 peregre.

215 1868 248 1900 4.
277 1868 377 1907 Super
400 1866 540 1899 Felicem
567 1870 689 1910 claruit,
893 1875 943 1906 10.
964 1876 1096 1908 Vocatus
1122 1878 1161 1909 ab
1188 1880 1297 1913 exsilio

272 1914 467 1953 Sanctusque
489 1915 587 1954 Syrus
611 1919 727 1952 meruit
958 1922 1056 1962 Syrus
1080 1924 1181 1957 Felici
1206 1931 1336 1969 reserat,

270 1962 387 2015 Videre
411 1963 511 2015 patris
539 1963 700 1997 dexteram
959 1969 1075 2003 Divino
1101 1983 1181 2012 quae
1204 1975 1261 2009 sub
1288 1977 1418 2010 brachio

268 2008 328 2040 De1
353 2012 490 2050 potenus
514 2008 678 2050 fulgidam.
961 2017 1061 2050 Exsul
1086 2025 1235 2059 portenta
1262 2023 1392 2057 fecerat.

213 2067 243 2097 5.
269 2065 389 2118 Videns
414 2068 520 2097 cartae
547 2067 787 2109 chirographum
891 2072 1075 2107 11.Aurem
1102 2086 1227 2118 appone
1251 2081 1382 2114 vocibus

268 2112 389 2152 Frangi
414 2111 607 2166 'Satan-cum
632 2118 761 2158 vertice,
959 2121 1098 2162 Nostris,
1124 2125 1165 2157 da
1188 2127 1292 2160 locum
1316 2131 1466 2168 precibus

272 2159 370 2198 Syrus
395 2168 493 2191 risum
518 2162 678 2194 insolitum
961 2168 1043 2212 Syri,
1072 2171 1205 2216 Christe,
1235 2175 1419 2211 discrimina

269 2207 334 2239 Dat
358 2215 416 2246 pro
441 2210 549 2239 notato
574 2209 690 2245 indice.
959 2217 1049 2250 Pelle
1074 2223 1239 2260 purgando
1266 2225 1355 2257 vitia.

213 2264 243 2295 6.
270 2262 359 2294 Haec
383 2262 579 2296 abscondisti
603 2267 730 2299 senibus
891 2272 1059 2306 12.Fides
1086 2277 1173 2316 cujus
1199 2281 1360 2319 praesidia

268 2309 390 2342 Doxam
416 2312 560 2343 revelans
584 2315 727 2355 parvulo,
960 2321 1052 2353 Plebi
1078 2324 1132 2356 dat
1156 2335 1231 2359 suae
1256 2307 1373 2370 gaudia

270 2357 353 2389 Onus
377 2361 463 2389 tuum
488 2362 523 2390 ut
547 2360 647 2393 levius
960 2369 1069 2411 Syrus,
1096 2372 1164 2405 Deo
1189 2375 1232 2406 sit
1256 2377 1358 2417 gloria

264 2404 378 2437 Ferret
401 2408 510 2444 pastor
534 2408 567 2439 in
592 2410 721 2449 populo.
958 2416 1056 2450 Modo
1081 2429 1140 2460 per
1166 2428 1279 2456 cuncta
1303 2428 1440 2461 saecula.
