1651 2621
684 124 921 159 *17—

147 222 176 254 3.
207 220 357 255 Gaudere
379 230 540 261 nunquam
569 222 727 261 desinant,
836 221 865 254 5.

205 269 325 302 Videre
350 277 443 308 quem
469 268 664 308 desiderant,

207 316 377 357 Aguellum
401 318 557 355 sanctum,
584 316 735 348 humilem

207 363 369 404 Vultuque
393 363 626 397 delectabilem.

146 431 179 464 4.
208 429 344 471 Gaudio,
371 438 484 471 magno
510 429 679 472 laetantur,
838 431 868 464 6.

206 478 266 517 Qui
283 478 368 510 hunc
386 478 493 511 divum
512 479 776 518 contemplantur,

210 525 354 570 Sanam,
382 525 473 559 dedit
497 525 650 568 habitum,

206 573 386 606 Dilaniavit
409 574 582 606 saeculum.

896 220 1044 253 Gaudens
1069 220 1208 261 gaudere
1234 220 1352 257 debuit,

895 268 982 307 Quae
1007 270 1129 300 tantum
1156 269 1271 300 donum
1298 267 1420 306 habuit,

895 315 1020 355 Sanari,
1046 317 1122 356 poni
1147 315 1284 357 (lapibus

895 363 1093 396 Coelestibus
1118 363 1307 403 agminibus,

899 430 1058 462 Gaudium
1085 431 1171 463 istud
1195 431 1342 470 impetra,

896 478 947 509 Ne
972 478 1092 518 tardes,
1119 487 1176 518 per
1201 478 1394 520 precamina,

896 526 1028 565 Adesto,
1053 528 1164 566 pastor
1188 526 1303 568 ovium,

895 572 1004 605 Primo
1031 574 1155 605 dierum
1176 573 1325 606 omnium.

538 641 568 674 7.
596 640 743 673 Praestet
767 638 857 672 nobis
883 639 1044 680 piissimus

596 687 668 719 Hoc
692 689 796 727 pater,
822 687 1002 728 unigenitus

596 735 734 775 Unaque
757 744 826 766 cum
852 735 1008 775 paraclito

596 782 661 815 Hic
684 783 717 813 in
742 781 850 815 futuro
876 783 1013 815 saeculo.

223 849 327 885 Propr.
341 848 571 884 Neapolitanum
591 850 662 885 imp.
678 848 806 884 Neapoli
823 846 904 877 1525.
929 862 960 867 -
983 845 1009 882 2,
1033 846 1047 875 1
1063 849 1143 876 cives
1158 848 1322 884 apostolici.
1343 863 1375 868 --—
1401 846 1427 881 4,
1449 847 1466 874 2

148 888 206 920 Qui
232 888 269 915 ad
289 888 367 915 hunc
388 887 498 915 divum.

607 1007 648 1040 18.
679 1008 723 1040 De
743 1007 854 1040 saneto
875 1006 1017 1048 Agnello.

711 1075 760 1105 Ad
779 1075 907 1106 Laudes.

150 1148 182 1182 1.
211 1147 346 1189 Christe,
374 1146 560 1185 redemptor
585 1145 732 1188 omnium,

214 1196 374 1228 Conserva
400 1194 461 1226 hoc
488 1193 664 1234 collegium,

212 1242 322 1282 Ipsum
347 1240 485 1273 defende
510 1249 649 1281 propere

210 1290 300 1322 Jam
323 1289 437 1321 lucis
463 1291 558 1320 orto
583 1288 742 1321 sidere.

152 1360 184 1391 2.
212 1357 313 1389 Actus
338 1354 479 1388 reforma
501 1354 675 1394 improbos,

209 1405 327 1437 Hostes
360 1403 578 1442 constringens
603 1411 732 1443 nocuos,

212 1453 326 1485 Pacem
353 1450 490 1483 refunde,
515 1450 647 1490 gratiae,

209 1499 403 1541 Splendor
419 1500 606 1539 paternae
621 1497 780 1539 gloriae.

842 1147 873 1178 3.
900 1145 958 1184 Qui
984 1145 1068 1185 regis
1094 1153 1151 1184 per
1177 1147 1209 1176 te
1233 1145 1369 1177 omnium

901 1192 1069 1232 vitamque
1092 1192 1284 1234 monialium,

899 1239 1071 1273 Sanctifica
1095 1240 1179 1272 hune
1202 1240 1356 1280 habitum,

898 1288 927 1320 D
940 1296 1030 1327 eus,
1057 1291 1225 1320 tuorum
1249 1289 1442 1320 militum.

840 1356 870 1387 4.
898 1355 922 1387 Ο
949 1355 1106 1394 propheta
1131 1355 1284 1396 egregius

899 1402 1092 1434 Futurorum
1118 1411 1179 1434 non
1204 1403 1334 1443 inscius,

897 1449 1022 1481 Affatus
1046 1458 1079 1481 es
1104 1450 1264 1489 puellulae

901 1498 1195 1530 Interdictum
1220 1499 1437 1532 secedere.

416 1567 447 1600 5.
476 1566 575 1604 Quam
601 1564 721 1597 sanasti
747 1567 779 1596 et
802 1564 900 1604 illico,

475 1614 514 1646 In
541 1613 652 1645 habitu
677 1612 850 1645 monastico

475 1660 620 1698 Vestisti,
648 1660 808 1693 Christum
834 1669 941 1700 exora,

474 1710 597 1749 Quem
623 1712 760 1752 terra,
788 1712 961 1749 pontus,
988 1708 1176 1741 aethera.

227 1777 328 1811 Propr.
348 1775 577 1812 Neapolitanum
603 1776 672 1810 imp.
694 1774 821 1811 Neapoli
848 1771 929 1802 1525.
951 1788 988 1793 —-
1008 1771 1036 1809 3,
1056 1771 1074 1802 3
1094 1774 1150 1802 hnc
1172 1775 1314 1803 habitum.
1335 1790 1371 1795 ——
1392 1774 1423 1810 4,
1451 1774 1469 1804 3

150 1815 342 1880 Affatushest.
364 1830 397 1835 -ν
425 1812 458 1848 4,
486 1812 506 1841 4
524 1813 708 1841 Interditum.
731 1827 768 1832 —
790 1812 873 1840 Nach
893 1811 950 1840 Str.
972 1810 989 1840 5
1010 1812 1061 1841 der
1080 1813 1197 1850 Anfang
1217 1813 1268 1842 der
1287 1814 1468 1851 Doxalngie:

151 1855 240 1887 Laus,
291 1862 371 1881 onor.

609 1972 651 2004 19.
682 1972 726 2003 De
750 1972 862 2003 saneta
881 1973 1012 2012 Agnete.

443 2056 473 2090 1.
501 2055 580 2094 Igne
606 2052 706 2085 divini
730 2052 860 2085 radians
885 2053 1003 2084 amoris

503 2101 653 2142 Corporis
680 2109 790 2133 sexum
816 2100 980 2140 superavit
1003 2100 1122 2141 Agnes,

500 2150 545 2183 Et
569 2158 666 2190 super
692 2156 817 2180 carnem
844 2150 976 2188 potuere
1002 2148 1106 2181 carnis

551 2198 699 2231 Claustra
724 2195 842 2237 pudici,

441 2268 473 2301 2,
501 2265 641 2307 Cogitur,
667 2264 788 2304 stupris
814 2263 1005 2297 maculanda.
1029 2263 1114 2304 vulgi

504 2313 600 2347 Nuda
623 2313 778 2345 famosum
806 2311 917 2343 subeat
943 2312 1088 2352 lupanar,

500 2362 643 2404 Angelus
670 2362 777 2393 castae
801 2359 989 2400 pudibunda
1013 2363 1121 2393 servat

549 2409 697 2444 Membra
722 2408 858 2449 puellae,

208 2473 335 2497 Druves,
352 2469 439 2498 Hymni
452 2468 549 2493 Ine-liti.
1281 2463 1299 2493 2
