1651 2621
736 100 994 136 —215—

429 197 460 229 3.
487 195 574 234 Quae
599 196 713 228 timens
738 195 851 236 Deum,
878 199 965 230 reete
990 199 1097 230 colens
1121 206 1201 238 eum,

485 244 598 277 surdis
625 244 768 276 auditum
792 247 951 277 restaurat
977 246 1124 289 sopitum,

484 291 598 324 Multis
625 292 783 331 loquelam
805 301 958 333 reparans
984 295 1130 326 amissam

534 339 666 372 Cantica
693 340 832 374 dantem.

429 416 460 448 4.
489 415 668 448 Daemones
693 415 783 458 fugat
807 417 1038 458 languidosque
1062 420 1161 457 curat,

485 463 608 497 Urbem
633 464 797 505 gubernat,
823 473 865 496 ne
888 465 958 504 quis
983 465 1067 497 hane
1086 464 1236 507 offendat,

485 510 530 543 Et
554 520 645 551 reges
669 512 788 552 placat,
813 514 850 543 ut
874 512 959 544 cives
980 521 1043 544 non
1068 511 1177 544 laedat

534 558 660 591 Fervor
685 568 804 591 eorum.

432 635 463 668 5.
487 635 526 667 In
550 634 602 666 his
626 634 793 667 laudemus
819 643 874 666 ore
895 634 1036 675 jubilaeo

488 681 647 714 Christum
673 686 705 713 et
731 681 840 714 demus
864 682 984 722 primas
1009 684 1114 722 grates
1138 681 1217 724 Deo,

488 728 571 761 Nam
597 729 671 760 huic
696 729 857 769 debemus,
885 730 938 770 qui
965 731 1068 762 erucis
1093 730 1244 769 trophaeo

537 776 651 809 Omnia
674 777 789 809 salvet.

287 879 368 908 Offic.
387 890 442 908 ms.
463 879 492 908 S.
513 880 662 908 Patriciae
681 889 757 909 saec.
781 879 824 909 15.
846 889 889 908 ex.
931 880 1002 909 Cod.
1022 881 1209 917 Neapolitan.
1230 881 1273 909 VI
1292 880 1317 909 F
1339 879 1381 909 10.
1400 896 1436 900 —
1459 878 1483 915 1,
1505 878 1524 908 3

209 918 329 983 §²333ss-
350 932 388 937 -—
408 917 439 953 2,
470 917 487 945 2
508 918 649 946 aseendit.
669 935 706 939 ——
726 918 760 952 4,
788 917 806 946 2
826 928 863 947 ne
883 920 950 956 quis
971 927 1035 947 cam
1053 919 1139 954 (eam)
1160 919 1286 947 offendit.
1307 933 1344 937 —
1365 918 1394 951 5,
1415 917 1435 946 4
1453 918 1523 946 Lies

648 1114 714 1146 364.
747 1115 790 1146 De
811 1116 921 1147 saneta
939 1114 1089 1146 Patricia.

770 1192 818 1222 Ad
839 1191 966 1222 Laudes.

211 1271 242 1304 1.
269 1270 342 1304 Nox
367 1276 523 1312 purgatur
548 1274 578 1303 et
604 1270 741 1312 fugatur,
897 1274 929 1304 4.
955 1271 1005 1303 De
1030 1280 1090 1311 quo
1111 1271 1233 1308 laudes,
1262 1270 1311 1303 cui
1332 1270 1522 1311 congaudes,

317 1318 394 1351 Cum
422 1321 591 1351 coronatur
615 1319 724 1351 laurea
1005 1319 1156 1358 Propina,
1182 1318 1261 1350 felix
1287 1319 1405 1353 concio,

271 1366 369 1407 Virgo
394 1367 448 1407 pia
472 1366 623 1404 Patricia,
956 1367 1054 1406 Quam
1081 1369 1115 1397 tu
1140 1366 1274 1399 mundes
1301 1368 1332 1397 et
1357 1365 1522 1406 fecundes,

314 1414 411 1454 LuX,
440 1422 542 1455 ecoe,
565 1415 836 1454 surgitaurea.
1002 1415 1120 1453 JeSU,
1154 1417 1305 1446 nostra
1329 1413 1522 1453 redemp-

207 1492 240 1523 2.
266 1490 423 1523 Mundum
460 1499 616 1531 spernens
627 1514 635 1531 ,
677 1489 838 1523 Christum
1293 1464 1325 1493 tl
1335 1470 1363 1493 0‘

609 1546 750 1581 cernens,
896 1541 926 1572 5.
953 1538 1006 1571 Ad
1032 1538 1117 1579 quod
1143 1539 1239 1570 corde
1263 1538 1332 1570 sine
1357 1538 1453 1570 sorde

313 1586 462 1618 Mortalis
489 1594 603 1625 expers
630 1585 780 1626 criminis,
1002 1585 1174 1627 Surgamus
1199 1594 1307 1618 omnes
1333 1587 1430 1627 ocius,

266 1633 357 1666 Labe
383 1635 482 1672 earet,
507 1634 578 1665 luce
603 1633 713 1671 claret,
951 1634 1034 1673 Quos
1060 1634 1176 1666 invitat
1201 1638 1232 1666 et
1256 1642 1333 1673 quos
1360 1634 1439 1665 citat

314 1681 498 1714 Consors
546 1682 720 1721 paterni
770 1681 833 1713 lu-
1000 1682 1100 1713 Ales
1128 1681 1215 1714 diei
1238 1682 1425 1714 nuntius.

605 1730 656 1761 mi
666 1729 707 1762 ni
717 1739 743 1762 s.

206 1807 238 1840 3.
263 1806 387 1839 Ferens
411 1808 518 1837 mente
541 1806 611 1838 sine
634 1808 725 1838 sente
895 1809 927 1840 6,
952 1806 1027 1839 Tibi
1050 1815 1167 1847 parens
1191 1807 1266 1839 labe
1291 1815 1401 1838 carens

313 1853 515 1893 Virginitatis
539 1853 651 1895 lilium,
1000 1854 1147 1886 Donatur
1173 1854 1290 1886 Christi
1317 1852 1446 1894 famula,

267 1901 387 1935 Carens
412 1900 480 1933 solo
505 1900 588 1933 vivit
610 1902 696 1940 polo,
953 1902 999 1934 Ut
1022 1905 1054 1933 te
1081 1902 1177 1934 ducat
1201 1906 1232 1934 et
1258 1901 1424 1941 conducat,

313 1949 506 1986 Christe,
555 1948 806 1988 redemptor
1002 1950 1188 1982 Plaudat
1242 1949 1369 1981 turba
1417 1959 1520 1990 pau-

606 1996 793 2030 omnium.
1291 1999 1480 2037 percula.

573 2075 603 2106 7.
629 2072 700 2105 Ista
726 2073 805 2105 duce
829 2082 886 2105 sua
910 2074 991 2115 luce,

677 2120 765 2159 Quae
786 2123 852 2153 stat
874 2121 909 2152 in
935 2121 1014 2153 coeli
1037 2121 1148 2164 gloria,

631 2168 697 2201 Nos
724 2177 865 2208 corones,
894 2167 1030 2210 Christe,
1058 2170 1158 2202 dones

676 2216 808 2250 Beata
833 2217 959 2249 nobis
985 2216 1149 2258 gaudia.

280 2321 361 2350 offic.
383 2331 436 2349 ms.
458 2322 486 2349 ὅ.
508 2321 657 2350 Patriciae
677 2328 753 2348 saec.
777 2318 820 2348 15.
842 2328 885 2348 ex.
927 2319 996 2348 Cod.
1017 2320 1203 2357 Neapolitan.
1224 2321 1268 2350 V1
1286 2323 1310 2351 F
1332 2320 1375 2351 10.
1396 2338 1435 2343 —
1457 2323 1480 2355 1,
1503 2323 1521 2352 2

200 2361 299 2390 fehlen
320 2360 383 2388 drei
396 2360 513 2396 Silben3
534 2359 637 2388 laurea
657 2360 784 2396 erganzt.
806 2374 843 2378 —
864 2356 889 2391 1,
910 2356 928 2387 3
940 2359 1040 2386 semen
1052 2361 1125 2387 zwei
1139 2359 1253 2389 Silben:
1276 2363 1327 2398 pia
1340 2363 1468 2400 erganzt.
1484 2376 1520 2382 —-

200 2399 226 2434 2,
250 2397 268 2428 3
288 2400 340 2428 lux
359 2398 460 2427 claret.
481 2413 516 2418 --
538 2396 565 2432 4,
586 2396 604 2427 3
625 2400 658 2426 tu
677 2399 808 2426 mandes.
830 2413 867 2418 -
887 2396 913 2432 7,
934 2394 952 2425 3
974 2397 1092 2426 Christi.
