1651 2621
718 131 976 165 -270—

434 231 464 261 4.
493 228 635 261 Petentis
661 228 769 259 sidera
795 226 925 266 virginis
951 225 1129 264 strophium

491 275 633 314 Accipis,
659 275 779 315 inclite,
806 282 922 305 ornans
950 272 1137 309 convivium,

490 322 566 354 Tuis
592 322 754 354 miraculis
778 321 862 361 regis
889 319 1078 352 connubium

538 369 592 401 Fit
618 372 761 400 sanctum
788 368 1015 400 castimonium.

434 429 465 460 5.
492 426 590 458 Indos
615 425 797 457 incredulos
826 424 951 457 Christo
977 422 1182 461 nancisceris,

491 473 611 505 Lumen
637 473 670 504 in
695 472 840 513 gentibus
867 471 988 503 cunctis
1011 469 1158 509 efficeris,

491 521 619 560 Martyr
643 520 844 552 obdormiens
871 523 959 550 astra
982 517 1172 558 ingrederis,

540 568 666 600 Fruens
693 576 810 599 corona
829 566 958 606 gloriae.

436 627 466 659 6.
494 626 611 658 Orbem
635 625 795 656 illuminas
820 624 886 655 vita
910 622 1060 662 mirabili,

494 673 630 706 Cunctos
656 671 805 704 aedificas
830 671 991 710 verboque
1015 670 1121 710 simili,

496 721 624 752 Coelum
649 719 813 760 laetificas,
840 726 1023 757 summoque
1046 716 1186 757 principi

540 768 659 800 Preces
684 766 782 798 funde
806 766 975 805 piissimas.

439 825 470 856 7.
499 824 620 863 Gaude,
644 824 709 863 jam
734 822 888 863 principis
912 822 993 853 lucis
1016 821 1050 852 in
1075 821 1175 860 atriis,

497 871 610 903 Redde
634 880 701 910 nos,
728 878 926 911 quaesumus,
952 871 1036 900 tutos
1062 867 1101 899 ab
1129 867 1245 907 impiis,

497 918 565 949 Fac
588 918 716 949 tandem
741 915 864 956 perfrui
889 916 1026 947 aeternis
1052 915 1176 955 gaudiis

546 965 602 997 Pio
628 965 809 1003 redemptos
834 963 995 1003 sanguine.

444 1023 475 1054 8.
502 1021 652 1061 Trinitas,
677 1021 792 1059 unitas,
819 1022 910 1059 pater
935 1019 1058 1057 eximie,

500 1068 685 1107 Summaque
712 1068 823 1107 deitas,
850 1077 867 1099 o
889 1067 990 1107 patris
1015 1067 1116 1108 unice,

501 1115 644 1154 Flamen,
669 1115 857 1154 benignitas,
883 1123 1005 1146 sursum
1030 1123 1087 1146 nos
1114 1114 1216 1154 dirige

547 1162 599 1193 Ad
623 1162 735 1201 lucem,
761 1171 853 1201 quam
877 1161 1046 1193 inhabitas.

281 1216 365 1242 Brev.
390 1224 443 1242 ms.
469 1216 498 1244 S.
518 1217 668 1244 Trinitatis
695 1218 725 1243 in
745 1217 868 1252 Alpibus
893 1218 961 1243 anni
985 1214 1065 1244 1455.
1108 1216 1177 1243 Cod.
1198 1216 1389 1244 Laurentiau.
1413 1215 1503 1243 Conv-

207 1262 269 1288 sup.
291 1251 354 1280 512.
376 1252 439 1281 add.
461 1262 535 1281 sace.
557 1253 600 1281 15.
621 1270 657 1274 —
677 1253 704 1287 4,
727 1253 741 1281 1
762 1254 935 1290 stropheum.
956 1269 993 1273 —
1014 1253 1039 1288 5,
1061 1253 1079 1281 2
1099 1255 1212 1282 Lumen
1234 1255 1361 1291 ergiinzt.
1396 1273 1420 1276 -
1439 1253 1465 1287 5,
1488 1252 1505 1282 3

210 1292 280 1318 astri
302 1292 377 1317 inter
397 1293 509 1319 ceteris.
528 1306 565 1309 —
585 1291 611 1326 7,
635 1290 649 1319 1
670 1293 798 1328 princeps
823 1293 898 1319 lueis
918 1294 957 1319 in.

653 1374 720 1405 456.
748 1374 791 1405 De
810 1375 914 1406 sancto
936 1375 1057 1406 Thema.

724 1431 770 1461 Ad
789 1431 978 1461 Nocturnum.

211 1490 242 1521 1.
271 1488 374 1520 Corda
399 1489 452 1528 pie
479 1488 710 1528 perfundantur
883 1494 915 1524 4.
942 1492 1094 1525 Titubare
1119 1496 1151 1525 te
1175 1494 1327 1534 magister

318 1535 454 1567 Coelesti
477 1536 607 1575 laetitia,
989 1540 1110 1580 Noluit,
1136 1541 1192 1572 sed
1218 1542 1352 1581 mystice

270 1582 368 1613 Preee
392 1582 529 1613 Thomae
557 1584 714 1615 muniatur
939 1587 1034 1618 Foris
1058 1588 1160 1627 tangis
1187 1588 1271 1619 latus
1296 1589 1447 1629 gaudenS,

318 1629 491 1668 Pugnatrix
520 1630 642 1667 militia,
989 1633 1142 1674 Tangeris
1166 1635 1349 1677 intrinsece,

269 1675 315 1708 Ut
340 1675 371 1706 in
396 1675 459 1707 fine
484 1680 690 1716 consequatur
942 1679 1042 1711 Deum
1069 1681 1185 1713 clamas
1212 1684 1243 1713 et
1267 1683 1300 1714 in
1328 1682 1390 1714 fide

314 1722 449 1755 Munera
475 1722 594 1755 deifica.
990 1727 1056 1759 Nes
1083 1727 1248 1760 confirmas
1272 1730 1385 1763 solide.

212 1780 242 1811 2.
271 1778 340 1810 Hac
363 1779 395 1809 in
419 1782 510 1811 nocte
531 1780 748 1819 praecinentes
885 1786 915 1817 5.
944 1784 1059 1817 Christi
1084 1786 1226 1818 membra
1252 1786 1420 1819 confovere

318 1825 387 1857 Lux
412 1830 545 1865 paterna
569 1826 686 1867 visitet,
988 1831 1153 1873 Languida
1176 1843 1237 1865 non
1266 1835 1395 1876 desinis,

269 1872 366 1903 Festa
390 1881 480 1904 sacra
502 1874 676 1904 recolentes
941 1878 1150 1912 Permansura
1175 1882 1259 1921 regis
1284 1891 1358 1914 aere

317 1919 434 1952 Christi
459 1921 559 1951 virtus
584 1920 720 1959 roboret,
987 1927 1124 1960 Fabrica
1148 1929 1302 1962 mirabilis

270 1967 382 1998 Almus
405 1971 517 1999 cuncta
541 1967 708 1999 tenebrosa
942 1974 1003 2005 Per
1028 1977 1060 2005 te
1084 1976 1194 2018 surgit,
1222 1980 1251 2008 et
1276 1977 1373 2010 fidele

316 2013 452 2053 Spiritus
476 2015 642 2046 illuminet.
988 2021 1091 2053 Datur
1117 2032 1170 2055 cor
1193 2025 1379 2060 incredulis.

217 2072 245 2102 3.
271 2070 528 2122 Mundidampas
556 2071 713 2113 decorata,
886 2078 915 2110 6.
941 2077 1055 2109 Sancte
1078 2079 1208 2120 Thoma,
1237 2082 1446 2122 deprecamur

314 2116 414 2149 Nobis
437 2119 500 2149 iter
523 2119 696 2157 praevium,
989 2124 1129 2158 Famulis
1160 2128 1317 2161 viantibus
1449 2110 1456 2126 ²

269 2164 399 2203 Templa
430 2169 543 2197 cuncta
566 2164 734 2205 profanata
944 2170 1070 2203 Sursum
1098 2174 1221 2206 domum
1246 2177 1279 2208 in
1305 2181 1445 2213 amoenis

316 2210 489 2244 Confundis
511 2213 543 2244 in
566 2213 714 2252 medium,
991 2219 1119 2251 Paseuis
1146 2223 1334 2258 coelestibus

268 2257 358 2289 Fana
380 2260 454 2291 solis
481 2260 636 2292 detestata
944 2265 1077 2297 Praesta
1100 2268 1201 2310 nobis,
1228 2270 1282 2302 ubi
1306 2273 1399 2313 plene

317 2306 446 2346 Detegis
473 2307 656 2340 ludibrium.
992 2312 1118 2344 Gaudes
1144 2324 1211 2346 cum
1238 2321 1457 2358 gaudentibus,

285 2361 369 2405 J}¹'t²¹'·
390 2370 441 2389 ms.
464 2362 492 2390 S.
512 2364 666 2392 Trinitatis
692 2366 722 2392 in
742 2364 865 2401 Alpibus
894 2369 963 2394 anni
992 2366 1073 2396 1455.
1115 2370 1184 2397 Cod.
1204 2372 1393 2405 Laurenfian.
1415 2380 1498 2409 Conv

213 2408 275 2434 sup.
296 2396 359 2425 012.
387 2400 448 2427 .dd.
470 2409 545 2432 saec.
573 2400 615 2430 15.
637 2417 674 2421 —-
694 2401 721 2439 3,
742 2401 759 2431 5
780 2404 900 2432 Fanum.
919 2421 952 2425 —-—
976 2404 1004 2440 4,
1025 2404 1040 2431 ss
1062 2407 1207 2436 confirma.
1228 2426 1264 2431 —-
1284 2411 1310 2446 5,
1333 2416 1349 2442 G
1369 2417 1432 2445 Dat
1449 2403 1507 2448 eor:
