<?xml version="1.0" encoding="UTF-8"?>
<!DOCTYPE html PUBLIC "-//W3C//DTD XHTML 1.0 Transitional//EN"
    "http://www.w3.org/TR/xhtml1/DTD/xhtml1-transitional.dtd">
<html xmlns="http://www.w3.org/1999/xhtml" xml:lang="en" lang="en">
 <head>
  <title>
</title>
<meta http-equiv="Content-Type" content="text/html;charset=utf-8" />
  <meta name='ocr-system' content='tesseract 3.04.00' />
  <meta name='ocr-capabilities' content='ocr_page ocr_carea ocr_par ocr_line ocrx_word'/>
</head>
<body>
  <div class='ocr_page' id='page_1' title='image "./analectahymnica22drevuoft_00233.png"; bbox 0 0 1651 2621; ppageno 0'>
   <div class='ocr_carea' id='block_1_1' title="bbox 651 96 906 132">
    <p class='ocr_par' dir='ltr' id='par_1_1' title="bbox 651 96 906 132">
     <span class='ocr_line' id='line_1_1' title="bbox 651 96 906 132; baseline -0.008 0"><span class='ocrx_word' id='word_1_1' title='bbox 651 96 906 132; x_wconf 33' lang='lat'>&amp;230—</span> 
     </span>
    </p>
   </div>
   <div class='ocr_carea' id='block_1_2' title="bbox 395 190 1139 766">
    <p class='ocr_par' dir='ltr' id='par_1_2' title="bbox 395 190 1122 329">
     <span class='ocr_line' id='line_1_2' title="bbox 395 190 1122 235; baseline -0.018 -3"><span class='ocrx_word' id='word_1_2' title='bbox 395 200 427 235; x_wconf 79' lang='lat'>4,</span> <span class='ocrx_word' id='word_1_3' title='bbox 456 197 558 232; x_wconf 85' lang='lat' dir='ltr'>Corde</span> <span class='ocrx_word' id='word_1_4' title='bbox 581 205 653 229; x_wconf 79' lang='lat' dir='ltr'>nam</span> <span class='ocrx_word' id='word_1_5' title='bbox 676 194 805 227; x_wconf 88' lang='lat' dir='ltr'>volvens</span> <span class='ocrx_word' id='word_1_6' title='bbox 826 190 937 232; x_wconf 80' lang='lat' dir='ltr'>J&#39;uveni</span> <span class='ocrx_word' id='word_1_7' title='bbox 959 197 1122 229; x_wconf 82' lang='lat' dir='ltr'>responsa,</span> 
     </span>
     <span class='ocr_line' id='line_1_3' title="bbox 456 237 1117 284; baseline -0.02 -5"><span class='ocrx_word' id='word_1_8' title='bbox 456 245 541 284; x_wconf 71' lang='lat' dir='ltr'>Quae</span> <span class='ocrx_word' id='word_1_9' title='bbox 564 244 624 276; x_wconf 91' lang='lat' dir='ltr'>Dei</span> <span class='ocrx_word' id='word_1_10' title='bbox 648 242 754 283; x_wconf 88' lang='lat' dir='ltr'>proles</span> <span class='ocrx_word' id='word_1_11' title='bbox 778 239 896 279; x_wconf 88' lang='lat' dir='ltr'>retulit,</span> <span class='ocrx_word' id='word_1_12' title='bbox 923 237 1117 270; x_wconf 81' lang='lat' dir='ltr'>venumdans</span> 
     </span>
     <span class='ocr_line' id='line_1_4' title="bbox 453 283 1076 329; baseline -0.016 -4"><span class='ocrx_word' id='word_1_13' title='bbox 453 292 550 325; x_wconf 81' lang='lat' dir='ltr'>Patre</span> <span class='ocrx_word' id='word_1_14' title='bbox 575 289 721 324; x_wconf 78' lang='lat' dir='ltr'>defuncto</span> <span class='ocrx_word' id='word_1_15' title='bbox 745 286 910 329; x_wconf 87' lang='lat' dir='ltr'>proprium</span> <span class='ocrx_word' id='word_1_16' title='bbox 933 283 1076 323; x_wconf 72' lang='lat' dir='ltr'>iumenti,</span> 
     </span>
    </p>

    <p class='ocr_par' dir='ltr' id='par_1_3' title="bbox 503 336 767 380">
     <span class='ocr_line' id='line_1_5' title="bbox 503 336 767 380; baseline -0.015 -9"><span class='ocrx_word' id='word_1_17' title='bbox 503 339 625 380; x_wconf 56' lang='lat' dir='ltr'>Inclita</span> <span class='ocrx_word' id='word_1_18' title='bbox 652 336 767 369; x_wconf 88' lang='lat' dir='ltr'>fundis.</span> 
     </span>
    </p>

    <p class='ocr_par' dir='ltr' id='par_1_4' title="bbox 401 387 1139 530">
     <span class='ocr_line' id='line_1_6' title="bbox 401 387 1139 435; baseline -0.016 -6"><span class='ocrx_word' id='word_1_19' title='bbox 401 399 431 430; x_wconf 88' lang='lat'>5.</span> <span class='ocrx_word' id='word_1_20' title='bbox 458 395 611 435; x_wconf 83' lang='lat' dir='ltr'>Membra,</span> <span class='ocrx_word' id='word_1_21' title='bbox 638 402 714 434; x_wconf 90' lang='lat' dir='ltr'>quos</span> <span class='ocrx_word' id='word_1_22' title='bbox 740 401 828 424; x_wconf 89' lang='lat' dir='ltr'>error</span> <span class='ocrx_word' id='word_1_23' title='bbox 852 389 971 429; x_wconf 79' lang='lat' dir='ltr'>decipit</span> <span class='ocrx_word' id='word_1_24' title='bbox 993 387 1139 426; x_wconf 83' lang='lat' dir='ltr'>fatentes,</span> 
     </span>
     <span class='ocr_line' id='line_1_7' title="bbox 458 436 1066 482; baseline -0.016 -6"><span class='ocrx_word' id='word_1_25' title='bbox 458 443 584 482; x_wconf 80' lang='lat' dir='ltr'>Caecus,</span> <span class='ocrx_word' id='word_1_26' title='bbox 611 441 747 474; x_wconf 84' lang='lat' dir='ltr'>aeternis</span> <span class='ocrx_word' id='word_1_27' title='bbox 774 438 931 471; x_wconf 83' lang='lat' dir='ltr'>destinata</span> <span class='ocrx_word' id='word_1_28' title='bbox 953 436 1066 475; x_wconf 81' lang='lat' dir='ltr'>bustis,</span> 
     </span>
     <span class='ocr_line' id='line_1_8' title="bbox 457 490 1036 530; baseline -0.014 -8"><span class='ocrx_word' id='word_1_29' title='bbox 457 490 593 530; x_wconf 83' lang='lat' dir='ltr'>Virginis</span> <span class='ocrx_word' id='word_1_30' title='bbox 618 491 690 521; x_wconf 86' lang='lat' dir='ltr'>nato</span> <span class='ocrx_word' id='word_1_31' title='bbox 715 495 843 518; x_wconf 82' lang='lat' dir='ltr'>revocas</span> <span class='ocrx_word' id='word_1_32' title='bbox 869 492 1036 517; x_wconf 76' lang='lat' dir='ltr'>coruscans</span> 
     </span>
    </p>

    <p class='ocr_par' dir='ltr' id='par_1_5' title="bbox 501 537 768 569">
     <span class='ocr_line' id='line_1_9' title="bbox 501 537 768 569; baseline -0.007 0"><span class='ocrx_word' id='word_1_33' title='bbox 501 537 644 569; x_wconf 86' lang='lat' dir='ltr'>Flamine</span> <span class='ocrx_word' id='word_1_34' title='bbox 668 543 768 567; x_wconf 85' lang='lat' dir='ltr'>sacro.</span> 
     </span>
    </p>

    <p class='ocr_par' dir='ltr' id='par_1_6' title="bbox 402 587 1075 720">
     <span class='ocr_line' id='line_1_10' title="bbox 402 587 1043 628; baseline -0.014 -2"><span class='ocrx_word' id='word_1_35' title='bbox 402 596 432 627; x_wconf 86' lang='lat'>6.</span> <span class='ocrx_word' id='word_1_36' title='bbox 461 594 597 628; x_wconf 80' lang='lat' dir='ltr'>Coelitus</span> <span class='ocrx_word' id='word_1_37' title='bbox 621 591 737 624; x_wconf 87' lang='lat' dir='ltr'>mundo</span> <span class='ocrx_word' id='word_1_38' title='bbox 762 591 890 622; x_wconf 88' lang='lat' dir='ltr'>veniens</span> <span class='ocrx_word' id='word_1_39' title='bbox 914 587 1043 627; x_wconf 81' lang='lat' dir='ltr'>superni</span> 
     </span>
     <span class='ocr_line' id='line_1_11' title="bbox 457 634 1034 680; baseline -0.012 -8"><span class='ocrx_word' id='word_1_40' title='bbox 457 640 504 673; x_wconf 86' lang='lat' dir='ltr'>Te</span> <span class='ocrx_word' id='word_1_41' title='bbox 527 640 593 680; x_wconf 86' lang='lat' dir='ltr'>poli</span> <span class='ocrx_word' id='word_1_42' title='bbox 619 639 745 678; x_wconf 86' lang='lat' dir='ltr'>dignum</span> <span class='ocrx_word' id='word_1_43' title='bbox 771 637 907 676; x_wconf 81' lang='lat' dir='ltr'>claviger</span> <span class='ocrx_word' id='word_1_44' title='bbox 930 634 1034 667; x_wconf 90' lang='lat' dir='ltr'>fidelis</span> 
     </span>
     <span class='ocr_line' id='line_1_12' title="bbox 456 681 1075 720; baseline -0.011 -1"><span class='ocrx_word' id='word_1_45' title='bbox 456 687 635 720; x_wconf 89' lang='lat' dir='ltr'>Praesulem</span> <span class='ocrx_word' id='word_1_46' title='bbox 659 685 749 717; x_wconf 90' lang='lat' dir='ltr'>nobis</span> <span class='ocrx_word' id='word_1_47' title='bbox 774 683 886 716; x_wconf 78' lang='lat' dir='ltr'>tribuit,</span> <span class='ocrx_word' id='word_1_48' title='bbox 911 681 1075 714; x_wconf 90' lang='lat' dir='ltr'>colendum</span> 
     </span>
    </p>

    <p class='ocr_par' dir='ltr' id='par_1_7' title="bbox 504 732 774 766">
     <span class='ocr_line' id='line_1_13' title="bbox 504 732 774 766; baseline 0.004 -1"><span class='ocrx_word' id='word_1_49' title='bbox 504 734 615 766; x_wconf 81' lang='lat' dir='ltr'>Indice</span> <span class='ocrx_word' id='word_1_50' title='bbox 639 732 774 766; x_wconf 79' lang='lat' dir='ltr'>Christo.</span> 
     </span>
    </p>
   </div>
   <div class='ocr_carea' id='block_1_3' title="bbox 401 785 1086 970">
    <p class='ocr_par' dir='ltr' id='par_1_8' title="bbox 401 785 1086 923">
     <span class='ocr_line' id='line_1_14' title="bbox 401 785 1037 829; baseline -0.011 -7"><span class='ocrx_word' id='word_1_51' title='bbox 401 792 431 822; x_wconf 84' lang='lat'>7.</span> <span class='ocrx_word' id='word_1_52' title='bbox 457 790 594 829; x_wconf 86' lang='lat' dir='ltr'>Legibus</span> <span class='ocrx_word' id='word_1_53' title='bbox 619 790 717 820; x_wconf 86' lang='lat' dir='ltr'>sacris</span> <span class='ocrx_word' id='word_1_54' title='bbox 741 788 907 819; x_wconf 88' lang='lat' dir='ltr'>moderare</span> <span class='ocrx_word' id='word_1_55' title='bbox 929 785 1037 824; x_wconf 77' lang='lat' dir='ltr'>vitam,</span> 
     </span>
     <span class='ocr_line' id='line_1_15' title="bbox 458 834 1028 873; baseline -0.011 -4"><span class='ocrx_word' id='word_1_56' title='bbox 458 836 572 869; x_wconf 83' lang='lat' dir='ltr'>Mortis</span> <span class='ocrx_word' id='word_1_57' title='bbox 596 839 720 867; x_wconf 84' lang='lat' dir='ltr'>avertas</span> <span class='ocrx_word' id='word_1_58' title='bbox 745 834 864 866; x_wconf 89' lang='lat' dir='ltr'>subitos</span> <span class='ocrx_word' id='word_1_59' title='bbox 890 841 1028 873; x_wconf 83' lang='lat' dir='ltr'>occasus,</span> 
     </span>
     <span class='ocr_line' id='line_1_16' title="bbox 458 882 1086 923; baseline -0.011 -7"><span class='ocrx_word' id='word_1_60' title='bbox 458 883 506 916; x_wconf 83' lang='lat' dir='ltr'>Te</span> <span class='ocrx_word' id='word_1_61' title='bbox 528 883 615 923; x_wconf 88' lang='lat' dir='ltr'>pium</span> <span class='ocrx_word' id='word_1_62' title='bbox 639 886 763 921; x_wconf 83' lang='lat' dir='ltr'>patrem</span> <span class='ocrx_word' id='word_1_63' title='bbox 783 882 955 921; x_wconf 72' lang='lat' dir='ltr'>rogitamus</span> <span class='ocrx_word' id='word_1_64' title='bbox 979 887 1086 911; x_wconf 85' lang='lat' dir='ltr'>omnes</span> 
     </span>
    </p>

    <p class='ocr_par' dir='ltr' id='par_1_9' title="bbox 504 928 743 970">
     <span class='ocr_line' id='line_1_17' title="bbox 504 928 743 970; baseline -0.008 -8"><span class='ocrx_word' id='word_1_65' title='bbox 504 930 630 970; x_wconf 85' lang='lat' dir='ltr'>Poplite</span> <span class='ocrx_word' id='word_1_66' title='bbox 653 928 743 961; x_wconf 80' lang='lat' dir='ltr'>flexo.</span> 
     </span>
    </p>
   </div>
   <div class='ocr_carea' id='block_1_4' title="bbox 402 983 1068 1157">
    <p class='ocr_par' dir='ltr' id='par_1_10' title="bbox 402 983 1068 1118">
     <span class='ocr_line' id='line_1_18' title="bbox 402 983 1068 1024; baseline -0.009 -6"><span class='ocrx_word' id='word_1_67' title='bbox 402 987 433 1019; x_wconf 91' lang='lat'>8.</span> <span class='ocrx_word' id='word_1_68' title='bbox 460 986 508 1018; x_wconf 86' lang='lat' dir='ltr'>Sit</span> <span class='ocrx_word' id='word_1_69' title='bbox 531 986 599 1017; x_wconf 88' lang='lat' dir='ltr'>Deo</span> <span class='ocrx_word' id='word_1_70' title='bbox 623 986 706 1024; x_wconf 83' lang='lat' dir='ltr'>patri</span> <span class='ocrx_word' id='word_1_71' title='bbox 734 985 827 1016; x_wconf 89' lang='lat' dir='ltr'>decus</span> <span class='ocrx_word' id='word_1_72' title='bbox 851 985 945 1023; x_wconf 85' lang='lat' dir='ltr'>atque</span> <span class='ocrx_word' id='word_1_73' title='bbox 969 983 1068 1014; x_wconf 86' lang='lat' dir='ltr'>virtus</span> 
     </span>
     <span class='ocr_line' id='line_1_19' title="bbox 457 1032 1018 1072; baseline -0.007 -8"><span class='ocrx_word' id='word_1_74' title='bbox 457 1034 507 1064; x_wconf 82' lang='lat' dir='ltr'>Ac</span> <span class='ocrx_word' id='word_1_75' title='bbox 529 1032 582 1072; x_wconf 90' lang='lat' dir='ltr'>pio</span> <span class='ocrx_word' id='word_1_76' title='bbox 606 1034 680 1063; x_wconf 84' lang='lat' dir='ltr'>nato</span> <span class='ocrx_word' id='word_1_77' title='bbox 704 1032 885 1071; x_wconf 73' lang='lat' dir='ltr'>pariterque</span> <span class='ocrx_word' id='word_1_78' title='bbox 908 1033 1018 1061; x_wconf 83' lang='lat' dir='ltr'>sancto</span> 
     </span>
     <span class='ocr_line' id='line_1_20' title="bbox 456 1076 1018 1118; baseline -0.007 -7"><span class='ocrx_word' id='word_1_79' title='bbox 456 1079 603 1118; x_wconf 86' lang='lat' dir='ltr'>Flamini,</span> <span class='ocrx_word' id='word_1_80' title='bbox 631 1079 716 1118; x_wconf 88' lang='lat' dir='ltr'>cujus</span> <span class='ocrx_word' id='word_1_81' title='bbox 738 1077 854 1117; x_wconf 83' lang='lat' dir='ltr'>jubilat</span> <span class='ocrx_word' id='word_1_82' title='bbox 876 1078 909 1108; x_wconf 92' lang='lat' dir='ltr'>in</span> <span class='ocrx_word' id='word_1_83' title='bbox 935 1076 1018 1108; x_wconf 88' lang='lat' dir='ltr'>omni</span> 
     </span>
    </p>

    <p class='ocr_par' dir='ltr' id='par_1_11' title="bbox 508 1125 765 1157">
     <span class='ocr_line' id='line_1_21' title="bbox 508 1125 765 1157; baseline -0.004 0"><span class='ocrx_word' id='word_1_84' title='bbox 508 1125 617 1157; x_wconf 81' lang='lat' dir='ltr'>Gloria</span> <span class='ocrx_word' id='word_1_85' title='bbox 640 1125 765 1157; x_wconf 87' lang='lat' dir='ltr'>mundo.</span> 
     </span>
    </p>
   </div>
   <div class='ocr_carea' id='block_1_5' title="bbox 139 1183 1437 1257">
    <p class='ocr_par' dir='ltr' id='par_1_12' title="bbox 139 1183 1437 1257">
     <span class='ocr_line' id='line_1_22' title="bbox 215 1183 1437 1225; baseline -0.005 -7"><span class='ocrx_word' id='word_1_86' title='bbox 215 1190 347 1219; x_wconf 88' lang='lat' dir='ltr'>Officium</span> <span class='ocrx_word' id='word_1_87' title='bbox 364 1191 519 1225; x_wconf 87' lang='lat' dir='ltr'>Proprium</span> <span class='ocrx_word' id='word_1_88' title='bbox 544 1191 604 1217; x_wconf 80' lang='lat' dir='ltr'>divi</span> <span class='ocrx_word' id='word_1_89' title='bbox 622 1189 753 1217; x_wconf 78' lang='lat' dir='ltr'>Petronii</span> <span class='ocrx_word' id='word_1_90' title='bbox 772 1191 840 1224; x_wconf 86' lang='lat' dir='ltr'>imp.</span> <span class='ocrx_word' id='word_1_91' title='bbox 860 1188 1011 1215; x_wconf 82' lang='lat' dir='ltr'>Bononiae</span> <span class='ocrx_word' id='word_1_92' title='bbox 1031 1184 1114 1215; x_wconf 74' lang='lat'>1553.</span> <span class='ocrx_word' id='word_1_93' title='bbox 1141 1200 1177 1205; x_wconf 94' lang='lat'>-—</span> <span class='ocrx_word' id='word_1_94' title='bbox 1205 1185 1230 1221; x_wconf 84' lang='lat'>1,</span> <span class='ocrx_word' id='word_1_95' title='bbox 1251 1183 1269 1213; x_wconf 82' lang='lat'><strong>3</strong></span> <span class='ocrx_word' id='word_1_96' title='bbox 1288 1185 1349 1213; x_wconf 86' lang='lat' dir='ltr'>und</span> <span class='ocrx_word' id='word_1_97' title='bbox 1369 1184 1396 1216; x_wconf 75' lang='lat'>5,</span> <span class='ocrx_word' id='word_1_98' title='bbox 1417 1183 1437 1211; x_wconf 81' lang='lat'>2</span> 
     </span>
     <span class='ocr_line' id='line_1_23' title="bbox 139 1228 398 1257; baseline -0.004 -1"><span class='ocrx_word' id='word_1_99' title='bbox 139 1228 216 1257; x_wconf 85' lang='lat' dir='ltr'>wohl</span> <span class='ocrx_word' id='word_1_100' title='bbox 234 1228 398 1257; x_wconf 77' lang='lat' dir='ltr'>vei-druckt.</span> 
     </span>
    </p>
   </div>
   <div class='ocr_carea' id='block_1_6' title="bbox 592 1306 976 1339">
    <p class='ocr_par' dir='ltr' id='par_1_13' title="bbox 592 1306 976 1339">
     <span class='ocr_line' id='line_1_24' title="bbox 592 1306 976 1339; baseline -0.008 0"><span class='ocrx_word' id='word_1_101' title='bbox 592 1307 658 1339; x_wconf 84' lang='lat'>390.</span> <span class='ocrx_word' id='word_1_102' title='bbox 688 1308 731 1338; x_wconf 88' lang='lat' dir='ltr'>Dc</span> <span class='ocrx_word' id='word_1_103' title='bbox 751 1308 856 1338; x_wconf 86' lang='lat' dir='ltr'>sancto</span> <span class='ocrx_word' id='word_1_104' title='bbox 877 1306 976 1338; x_wconf 77' lang='lat' dir='ltr'>Petro.</span> 
     </span>
    </p>
   </div>
   <div class='ocr_carea' id='block_1_7' title="bbox 280 1385 1287 1474">
    <p class='ocr_par' dir='ltr' id='par_1_14' title="bbox 280 1385 1287 1474">
     <span class='ocr_line' id='line_1_25' title="bbox 280 1385 1129 1427; baseline -0.004 -7"><span class='ocrx_word' id='word_1_105' title='bbox 280 1388 311 1420; x_wconf 84' lang='lat'>1.</span> <span class='ocrx_word' id='word_1_106' title='bbox 337 1388 432 1420; x_wconf 82' lang='lat' dir='ltr'>Alma</span> <span class='ocrx_word' id='word_1_107' title='bbox 458 1388 525 1419; x_wconf 86' lang='lat' dir='ltr'>dies</span> <span class='ocrx_word' id='word_1_108' title='bbox 550 1387 659 1419; x_wconf 79' lang='lat' dir='ltr'>rutilat</span> <span class='ocrx_word' id='word_1_109' title='bbox 683 1388 749 1418; x_wconf 89' lang='lat' dir='ltr'>toto</span> <span class='ocrx_word' id='word_1_110' title='bbox 776 1386 979 1417; x_wconf 86' lang='lat' dir='ltr'>celeberrima</span> <span class='ocrx_word' id='word_1_111' title='bbox 1002 1385 1129 1427; x_wconf 77' lang='lat' dir='ltr'>mundo,</span> 
     </span>
     <span class='ocr_line' id='line_1_26' title="bbox 333 1431 1287 1474; baseline -0.002 -8"><span class='ocrx_word' id='word_1_112' title='bbox 333 1434 490 1474; x_wconf 84' lang='lat' dir='ltr'>Sanguine</span> <span class='ocrx_word' id='word_1_113' title='bbox 515 1442 605 1473; x_wconf 84' lang='lat' dir='ltr'>quam</span> <span class='ocrx_word' id='word_1_114' title='bbox 630 1433 759 1473; x_wconf 89' lang='lat' dir='ltr'>proprio</span> <span class='ocrx_word' id='word_1_115' title='bbox 783 1431 897 1464; x_wconf 88' lang='lat' dir='ltr'>Petrus</span> <span class='ocrx_word' id='word_1_116' title='bbox 924 1432 1086 1465; x_wconf 85' lang='lat' dir='ltr'>decoravit</span> <span class='ocrx_word' id='word_1_117' title='bbox 1108 1433 1141 1463; x_wconf 92' lang='lat' dir='ltr'>in</span> <span class='ocrx_word' id='word_1_118' title='bbox 1166 1441 1287 1464; x_wconf 85' lang='lat' dir='ltr'>aevum.</span> 
     </span>
    </p>
   </div>
   <div class='ocr_carea' id='block_1_8' title="bbox 277 1489 1163 1576">
    <p class='ocr_par' dir='ltr' id='par_1_15' title="bbox 277 1489 1163 1576">
     <span class='ocr_line' id='line_1_27' title="bbox 277 1489 1163 1532; baseline -0.003 -9"><span class='ocrx_word' id='word_1_119' title='bbox 277 1492 307 1523; x_wconf 87' lang='lat'>2.</span> <span class='ocrx_word' id='word_1_120' title='bbox 335 1490 447 1522; x_wconf 82' lang='lat' dir='ltr'>Ardua</span> <span class='ocrx_word' id='word_1_121' title='bbox 466 1489 635 1529; x_wconf 84' lang='lat' dir='ltr'>purpureis</span> <span class='ocrx_word' id='word_1_122' title='bbox 658 1489 820 1529; x_wconf 83' lang='lat' dir='ltr'>tinguntur</span> <span class='ocrx_word' id='word_1_123' title='bbox 844 1489 962 1529; x_wconf 85' lang='lat' dir='ltr'>templa</span> <span class='ocrx_word' id='word_1_124' title='bbox 985 1489 1163 1532; x_wconf 77' lang='lat' dir='ltr'>triumphis,</span> 
     </span>
     <span class='ocr_line' id='line_1_28' title="bbox 332 1536 1125 1576; baseline 0.001 -7"><span class='ocrx_word' id='word_1_125' title='bbox 332 1537 416 1570; x_wconf 81' lang='lat' dir='ltr'>Laus</span> <span class='ocrx_word' id='word_1_126' title='bbox 441 1540 546 1568; x_wconf 85' lang='lat' dir='ltr'>manet</span> <span class='ocrx_word' id='word_1_127' title='bbox 570 1536 709 1576; x_wconf 78' lang='lat' dir='ltr'>aequalis</span> <span class='ocrx_word' id='word_1_128' title='bbox 734 1544 862 1567; x_wconf 89' lang='lat' dir='ltr'>numero</span> <span class='ocrx_word' id='word_1_129' title='bbox 885 1536 1002 1568; x_wconf 86' lang='lat' dir='ltr'>librata</span> <span class='ocrx_word' id='word_1_130' title='bbox 1028 1536 1125 1570; x_wconf 77' lang='lat' dir='ltr'>duali.</span> 
     </span>
    </p>
   </div>
   <div class='ocr_carea' id='block_1_9' title="bbox 274 1591 1120 1782">
    <p class='ocr_par' dir='ltr' id='par_1_16' title="bbox 274 1591 1120 1679">
     <span class='ocr_line' id='line_1_29' title="bbox 274 1591 1079 1632; baseline -0.002 -6"><span class='ocrx_word' id='word_1_131' title='bbox 274 1594 305 1626; x_wconf 88' lang='lat'>3.</span> <span class='ocrx_word' id='word_1_132' title='bbox 328 1592 422 1630; x_wconf 75' lang='lat' dir='ltr'>Ecce,</span> <span class='ocrx_word' id='word_1_133' title='bbox 449 1592 526 1624; x_wconf 85' lang='lat' dir='ltr'>ratis</span> <span class='ocrx_word' id='word_1_134' title='bbox 552 1592 646 1632; x_wconf 84' lang='lat' dir='ltr'>pleno</span> <span class='ocrx_word' id='word_1_135' title='bbox 673 1591 834 1623; x_wconf 81' lang='lat' dir='ltr'>confertur</span> <span class='ocrx_word' id='word_1_136' title='bbox 857 1592 979 1623; x_wconf 88' lang='lat' dir='ltr'>concita</span> <span class='ocrx_word' id='word_1_137' title='bbox 1000 1593 1079 1631; x_wconf 87' lang='lat' dir='ltr'>velo,</span> 
     </span>
     <span class='ocr_line' id='line_1_30' title="bbox 335 1638 1120 1679; baseline 0.001 -8"><span class='ocrx_word' id='word_1_138' title='bbox 335 1638 471 1671; x_wconf 84' lang='lat' dir='ltr'>Credula</span> <span class='ocrx_word' id='word_1_139' title='bbox 493 1638 610 1671; x_wconf 83' lang='lat' dir='ltr'>falcato</span> <span class='ocrx_word' id='word_1_140' title='bbox 631 1639 698 1678; x_wconf 86' lang='lat' dir='ltr'>jam</span> <span class='ocrx_word' id='word_1_141' title='bbox 722 1638 829 1670; x_wconf 86' lang='lat' dir='ltr'>bellua</span> <span class='ocrx_word' id='word_1_142' title='bbox 854 1640 995 1679; x_wconf 83' lang='lat' dir='ltr'>carpitur</span> <span class='ocrx_word' id='word_1_143' title='bbox 1018 1639 1120 1673; x_wconf 85' lang='lat' dir='ltr'>hamo.</span> 
     </span>
    </p>

    <p class='ocr_par' dir='ltr' id='par_1_17' title="bbox 276 1695 1117 1782">
     <span class='ocr_line' id='line_1_31' title="bbox 276 1695 1117 1738; baseline 0 -11"><span class='ocrx_word' id='word_1_144' title='bbox 276 1697 307 1727; x_wconf 76' lang='lat'>4.</span> <span class='ocrx_word' id='word_1_145' title='bbox 336 1695 499 1727; x_wconf 76' lang='lat' dir='ltr'>Auxiliare</span> <span class='ocrx_word' id='word_1_146' title='bbox 522 1696 597 1734; x_wconf 85' lang='lat' dir='ltr'>tuis,</span> <span class='ocrx_word' id='word_1_147' title='bbox 622 1697 723 1734; x_wconf 79' lang='lat' dir='ltr'>pater,</span> <span class='ocrx_word' id='word_1_148' title='bbox 750 1695 990 1738; x_wconf 79' lang='lat' dir='ltr'>archiapostole,</span> <span class='ocrx_word' id='word_1_149' title='bbox 1016 1696 1117 1727; x_wconf 86' lang='lat' dir='ltr'>servis</span> 
     </span>
     <span class='ocr_line' id='line_1_32' title="bbox 328 1741 1078 1782; baseline 0.001 -8"><span class='ocrx_word' id='word_1_150' title='bbox 328 1741 456 1782; x_wconf 82' lang='lat' dir='ltr'>Nosque</span> <span class='ocrx_word' id='word_1_151' title='bbox 480 1741 547 1774; x_wconf 89' lang='lat' dir='ltr'>Deo</span> <span class='ocrx_word' id='word_1_152' title='bbox 574 1745 665 1774; x_wconf 88' lang='lat' dir='ltr'>caute</span> <span class='ocrx_word' id='word_1_153' title='bbox 689 1742 822 1773; x_wconf 88' lang='lat' dir='ltr'>sinuosis</span> <span class='ocrx_word' id='word_1_154' title='bbox 847 1742 966 1774; x_wconf 87' lang='lat' dir='ltr'>retibus</span> <span class='ocrx_word' id='word_1_155' title='bbox 993 1742 1078 1776; x_wconf 84' lang='lat' dir='ltr'>affer.</span> 
     </span>
    </p>
   </div>
   <div class='ocr_carea' id='block_1_10' title="bbox 278 1797 1172 1884">
    <p class='ocr_par' dir='ltr' id='par_1_18' title="bbox 278 1797 1172 1884">
     <span class='ocr_line' id='line_1_33' title="bbox 278 1797 1172 1841; baseline 0.001 -11"><span class='ocrx_word' id='word_1_156' title='bbox 278 1798 309 1831; x_wconf 88' lang='lat'>5.</span> <span class='ocrx_word' id='word_1_157' title='bbox 334 1798 472 1837; x_wconf 87' lang='lat' dir='ltr'>Imperio</span> <span class='ocrx_word' id='word_1_158' title='bbox 495 1797 613 1830; x_wconf 80' lang='lat' dir='ltr'>Christi</span> <span class='ocrx_word' id='word_1_159' title='bbox 639 1798 712 1829; x_wconf 90' lang='lat' dir='ltr'>dum</span> <span class='ocrx_word' id='word_1_160' title='bbox 737 1801 806 1829; x_wconf 89' lang='lat' dir='ltr'>rete</span> <span class='ocrx_word' id='word_1_161' title='bbox 829 1801 991 1839; x_wconf 83' lang='lat' dir='ltr'>ratemque</span> <span class='ocrx_word' id='word_1_162' title='bbox 1011 1800 1172 1841; x_wconf 82' lang='lat' dir='ltr'>relinquis,</span> 
     </span>
     <span class='ocr_line' id='line_1_34' title="bbox 328 1845 1098 1884; baseline 0 -6"><span class='ocrx_word' id='word_1_163' title='bbox 328 1845 474 1884; x_wconf 82' lang='lat' dir='ltr'>Claviger</span> <span class='ocrx_word' id='word_1_164' title='bbox 497 1845 532 1876; x_wconf 88' lang='lat' dir='ltr'>in</span> <span class='ocrx_word' id='word_1_165' title='bbox 553 1846 658 1884; x_wconf 76' lang='lat' dir='ltr'>coelis,</span> <span class='ocrx_word' id='word_1_166' title='bbox 683 1845 779 1877; x_wconf 84' lang='lat' dir='ltr'>terris</span> <span class='ocrx_word' id='word_1_167' title='bbox 800 1846 938 1884; x_wconf 82' lang='lat' dir='ltr'>piscator</span> <span class='ocrx_word' id='word_1_168' title='bbox 962 1846 1098 1878; x_wconf 82' lang='lat' dir='ltr'>haberis.</span> 
     </span>
    </p>
   </div>
   <div class='ocr_carea' id='block_1_11' title="bbox 272 1901 1240 1991">
    <p class='ocr_par' dir='ltr' id='par_1_19' title="bbox 272 1901 1240 1991">
     <span class='ocr_line' id='line_1_35' title="bbox 272 1901 1240 1945; baseline 0.002 -11"><span class='ocrx_word' id='word_1_169' title='bbox 272 1902 302 1934; x_wconf 91' lang='lat'>6.</span> <span class='ocrx_word' id='word_1_170' title='bbox 328 1901 410 1934; x_wconf 89' lang='lat' dir='ltr'>Esse</span> <span class='ocrx_word' id='word_1_171' title='bbox 433 1901 535 1933; x_wconf 87' lang='lat' dir='ltr'>Deum</span> <span class='ocrx_word' id='word_1_172' title='bbox 561 1902 674 1941; x_wconf 80' lang='lat' dir='ltr'>credis,</span> <span class='ocrx_word' id='word_1_173' title='bbox 699 1910 791 1941; x_wconf 89' lang='lat' dir='ltr'>quem</span> <span class='ocrx_word' id='word_1_174' title='bbox 814 1902 926 1934; x_wconf 85' lang='lat' dir='ltr'>miscet</span> <span class='ocrx_word' id='word_1_175' title='bbox 948 1903 1041 1935; x_wconf 86' lang='lat' dir='ltr'>turba</span> <span class='ocrx_word' id='word_1_176' title='bbox 1065 1905 1240 1945; x_wconf 85' lang='lat' dir='ltr'>prophetis,</span> 
     </span>
     <span class='ocr_line' id='line_1_36' title="bbox 328 1949 1235 1991; baseline 0.006 -12"><span class='ocrx_word' id='word_1_177' title='bbox 328 1949 422 1983; x_wconf 89' lang='lat' dir='ltr'>Unde</span> <span class='ocrx_word' id='word_1_178' title='bbox 446 1957 553 1980; x_wconf 88' lang='lat' dir='ltr'>manes</span> <span class='ocrx_word' id='word_1_179' title='bbox 579 1949 692 1987; x_wconf 83' lang='lat' dir='ltr'>clarus,</span> <span class='ocrx_word' id='word_1_180' title='bbox 718 1949 825 1991; x_wconf 84' lang='lat' dir='ltr'>Petre‚</span> <span class='ocrx_word' id='word_1_181' title='bbox 848 1949 997 1990; x_wconf 87' lang='lat' dir='ltr'>princeps</span> <span class='ocrx_word' id='word_1_182' title='bbox 1022 1951 1235 1985; x_wconf 87' lang='lat' dir='ltr'>ecclesiarum.</span> 
     </span>
    </p>
   </div>
   <div class='ocr_carea' id='block_1_12' title="bbox 274 2004 1171 2092">
    <p class='ocr_par' dir='ltr' id='par_1_20' title="bbox 274 2004 1171 2092">
     <span class='ocr_line' id='line_1_37' title="bbox 274 2004 1119 2047; baseline 0.004 -12"><span class='ocrx_word' id='word_1_183' title='bbox 274 2004 305 2037; x_wconf 81' lang='lat'>¹7.</span> <span class='ocrx_word' id='word_1_184' title='bbox 329 2005 468 2037; x_wconf 73' lang='lat' dir='ltr'>Fallitur</span> <span class='ocrx_word' id='word_1_185' title='bbox 492 2006 635 2036; x_wconf 84' lang='lat' dir='ltr'>incautus</span> <span class='ocrx_word' id='word_1_186' title='bbox 662 2005 702 2036; x_wconf 86' lang='lat' dir='ltr'>de</span> <span class='ocrx_word' id='word_1_187' title='bbox 725 2007 813 2037; x_wconf 82' lang='lat' dir='ltr'>tanto</span> <span class='ocrx_word' id='word_1_188' title='bbox 838 2005 938 2037; x_wconf 83' lang='lat' dir='ltr'>milite</span> <span class='ocrx_word' id='word_1_189' title='bbox 961 2006 1119 2047; x_wconf 57' lang='lat' dir='ltr'>Matienus,</span> 
     </span>
     <span class='ocr_line' id='line_1_38' title="bbox 332 2050 1171 2092; baseline 0.005 -10"><span class='ocrx_word' id='word_1_190' title='bbox 332 2050 409 2084; x_wconf 86' lang='lat' dir='ltr'>Cum</span> <span class='ocrx_word' id='word_1_191' title='bbox 432 2052 523 2092; x_wconf 85' lang='lat' dir='ltr'>piger</span> <span class='ocrx_word' id='word_1_192' title='bbox 546 2052 720 2083; x_wconf 84' lang='lat' dir='ltr'>immissum</span> <span class='ocrx_word' id='word_1_193' title='bbox 744 2051 889 2084; x_wconf 85' lang='lat' dir='ltr'>ferientis</span> <span class='ocrx_word' id='word_1_194' title='bbox 914 2053 1042 2085; x_wconf 80' lang='lat' dir='ltr'>sustulit</span> <span class='ocrx_word' id='word_1_195' title='bbox 1064 2055 1171 2089; x_wconf 75' lang='lat' dir='ltr'>ictum.</span> 
     </span>
    </p>
   </div>
   <div class='ocr_carea' id='block_1_13' title="bbox 272 2107 1292 2196">
    <p class='ocr_par' dir='ltr' id='par_1_21' title="bbox 272 2107 1292 2196">
     <span class='ocr_line' id='line_1_39' title="bbox 272 2107 1292 2150; baseline 0.004 -10"><span class='ocrx_word' id='word_1_196' title='bbox 272 2108 303 2140; x_wconf 88' lang='lat'>8.</span> <span class='ocrx_word' id='word_1_197' title='bbox 329 2107 378 2139; x_wconf 89' lang='lat' dir='ltr'>Tu</span> <span class='ocrx_word' id='word_1_198' title='bbox 402 2116 524 2148; x_wconf 89' lang='lat' dir='ltr'>quoque</span> <span class='ocrx_word' id='word_1_199' title='bbox 549 2109 733 2148; x_wconf 81' lang='lat' dir='ltr'>respondes,</span> <span class='ocrx_word' id='word_1_200' title='bbox 761 2117 831 2141; x_wconf 89' lang='lat' dir='ltr'>cum</span> <span class='ocrx_word' id='word_1_201' title='bbox 855 2118 910 2141; x_wconf 89' lang='lat' dir='ltr'>vos</span> <span class='ocrx_word' id='word_1_202' title='bbox 935 2118 1032 2150; x_wconf 85' lang='lat' dir='ltr'>genus</span> <span class='ocrx_word' id='word_1_203' title='bbox 1057 2112 1161 2150; x_wconf 81' lang='lat' dir='ltr'>arguit</span> <span class='ocrx_word' id='word_1_204' title='bbox 1185 2120 1292 2145; x_wconf 86' lang='lat' dir='ltr'>omne:</span> 
     </span>
     <span class='ocr_line' id='line_1_40' title="bbox 327 2155 1163 2196; baseline 0.007 -10"><span class='ocrx_word' id='word_1_205' title='bbox 327 2155 469 2194; x_wconf 84' lang='lat' dir='ltr'>Impetus</span> <span class='ocrx_word' id='word_1_206' title='bbox 493 2156 555 2187; x_wconf 85' lang='lat' dir='ltr'>iste</span> <span class='ocrx_word' id='word_1_207' title='bbox 578 2155 657 2187; x_wconf 86' lang='lat' dir='ltr'>meri</span> <span class='ocrx_word' id='word_1_208' title='bbox 681 2165 743 2188; x_wconf 87' lang='lat' dir='ltr'>non</span> <span class='ocrx_word' id='word_1_209' title='bbox 770 2158 826 2196; x_wconf 80' lang='lat' dir='ltr'>est,</span> <span class='ocrx_word' id='word_1_210' title='bbox 852 2157 904 2189; x_wconf 91' lang='lat' dir='ltr'>vel</span> <span class='ocrx_word' id='word_1_211' title='bbox 927 2165 1029 2190; x_wconf 86' lang='lat' dir='ltr'>sermo</span> <span class='ocrx_word' id='word_1_212' title='bbox 1054 2158 1163 2192; x_wconf 84' lang='lat' dir='ltr'>Joelis.</span> 
     </span>
    </p>
   </div>
   <div class='ocr_carea' id='block_1_14' title="bbox 274 2210 1281 2300">
    <p class='ocr_par' dir='ltr' id='par_1_22' title="bbox 274 2210 1281 2300">
     <span class='ocr_line' id='line_1_41' title="bbox 274 2210 1281 2258; baseline 0.006 -15"><span class='ocrx_word' id='word_1_213' title='bbox 274 2210 305 2243; x_wconf 80' lang='lat'>9.</span> <span class='ocrx_word' id='word_1_214' title='bbox 332 2211 439 2243; x_wconf 81' lang='lat' dir='ltr'>Poscit</span> <span class='ocrx_word' id='word_1_215' title='bbox 462 2220 540 2251; x_wconf 81' lang='lat' dir='ltr'>opes</span> <span class='ocrx_word' id='word_1_216' title='bbox 565 2211 696 2244; x_wconf 86' lang='lat' dir='ltr'>claudus</span> <span class='ocrx_word' id='word_1_217' title='bbox 720 2221 780 2246; x_wconf 82' lang='lat' dir='ltr'>nec</span> <span class='ocrx_word' id='word_1_218' title='bbox 801 2212 910 2252; x_wconf 77' lang='lat' dir='ltr'>habes,</span> <span class='ocrx_word' id='word_1_219' title='bbox 936 2214 1010 2254; x_wconf 79' lang='lat' dir='ltr'>quia</span> <span class='ocrx_word' id='word_1_220' title='bbox 1034 2214 1137 2247; x_wconf 73' lang='lat' dir='ltr'>defuit</span> <span class='ocrx_word' id='word_1_221' title='bbox 1159 2225 1281 2258; x_wconf 85' lang='lat' dir='ltr'>aurum,</span> 
     </span>
     <span class='ocr_line' id='line_1_42' title="bbox 327 2256 1123 2300; baseline 0.006 -11"><span class='ocrx_word' id='word_1_222' title='bbox 327 2256 462 2289; x_wconf 83' lang='lat' dir='ltr'>Nomine</span> <span class='ocrx_word' id='word_1_223' title='bbox 486 2259 544 2291; x_wconf 88' lang='lat' dir='ltr'>sed</span> <span class='ocrx_word' id='word_1_224' title='bbox 570 2258 689 2291; x_wconf 88' lang='lat' dir='ltr'>Christi</span> <span class='ocrx_word' id='word_1_225' title='bbox 712 2269 853 2300; x_wconf 82' lang='lat' dir='ltr'>gressum</span> <span class='ocrx_word' id='word_1_226' title='bbox 876 2260 925 2292; x_wconf 90' lang='lat' dir='ltr'>illi</span> <span class='ocrx_word' id='word_1_227' title='bbox 945 2262 1123 2294; x_wconf 86' lang='lat' dir='ltr'>restituisti.</span> 
     </span>
    </p>
   </div>
   <div class='ocr_carea' id='block_1_15' title="bbox 251 2313 1179 2406">
    <p class='ocr_par' dir='ltr' id='par_1_23' title="bbox 251 2313 1179 2406">
     <span class='ocr_line' id='line_1_43' title="bbox 251 2313 1148 2361; baseline 0.004 -14"><span class='ocrx_word' id='word_1_228' title='bbox 251 2314 304 2348; x_wconf 84' lang='lat'>10.</span> <span class='ocrx_word' id='word_1_229' title='bbox 332 2313 377 2347; x_wconf 83' lang='lat' dir='ltr'>Ut</span> <span class='ocrx_word' id='word_1_230' title='bbox 401 2315 507 2348; x_wconf 86' lang='lat' dir='ltr'>Simon</span> <span class='ocrx_word' id='word_1_231' title='bbox 531 2316 685 2357; x_wconf 85' lang='lat' dir='ltr'>abscedit,</span> <span class='ocrx_word' id='word_1_232' title='bbox 713 2316 878 2351; x_wconf 82' lang='lat' dir='ltr'>defunctus</span> <span class='ocrx_word' id='word_1_233' title='bbox 903 2318 1011 2350; x_wconf 86' lang='lat' dir='ltr'>vivere</span> <span class='ocrx_word' id='word_1_234' title='bbox 1036 2320 1148 2361; x_wconf 81' lang='lat' dir='ltr'>coepit,</span> 
     </span>
     <span class='ocr_line' id='line_1_44' title="bbox 328 2361 1179 2406; baseline 0.009 -14"><span class='ocrx_word' id='word_1_235' title='bbox 328 2361 384 2393; x_wconf 78' lang='lat' dir='ltr'>Fit</span> <span class='ocrx_word' id='word_1_236' title='bbox 406 2371 464 2394; x_wconf 86' lang='lat' dir='ltr'>sua</span> <span class='ocrx_word' id='word_1_237' title='bbox 486 2363 533 2395; x_wconf 82' lang='lat' dir='ltr'>nil</span> <span class='ocrx_word' id='word_1_238' title='bbox 556 2364 668 2406; x_wconf 81' lang='lat' dir='ltr'>virtus,</span> <span class='ocrx_word' id='word_1_239' title='bbox 694 2367 760 2396; x_wconf 84' lang='lat' dir='ltr'>stat</span> <span class='ocrx_word' id='word_1_240' title='bbox 782 2365 891 2397; x_wconf 80' lang='lat' dir='ltr'>Simon</span> <span class='ocrx_word' id='word_1_241' title='bbox 916 2365 1043 2399; x_wconf 84' lang='lat' dir='ltr'>Simone</span> <span class='ocrx_word' id='word_1_242' title='bbox 1067 2369 1179 2402; x_wconf 85' lang='lat' dir='ltr'>victus.</span> 
     </span>
    </p>
   </div>
  </div>
 </body>
</html>
