1651 2621
677 90 910 127 *58*

148 185 179 218 3.
207 184 371 219 Gallorum
395 187 480 228 genti
504 186 646 227 perfidae

206 233 302 266 Sacer
329 234 383 266 hic
403 238 525 274 martyr
549 235 725 276 praedicat,

204 281 330 313 Potenti
353 282 450 314 verbo
476 283 597 322 gratiae

208 327 343 361 Cunctos
367 337 507 369 paganos
530 329 685 368 increpat.

148 395 180 427 4.
207 395 251 426 Et
272 394 369 435 signis
396 398 427 426 et
450 395 620 427 virtutibus

206 442 360 482 Occurrit,
388 443 480 474 docet
503 441 643 482 perfidos

205 490 364 529 Curatque
387 490 500 521 mentis
526 490 642 531 oculos,

204 531 287 568 Dum
311 536 408 569 verbo
434 540 525 568 curat
547 537 724 577 languidos,

148 605 179 636 5.
204 603 349 642 Adeptus
374 606 421 635 est
446 612 538 642 quam
561 603 698 635 maxima

202 650 265 681 Hic
289 652 339 682 ter
359 650 471 682 beatus
496 651 621 691 gaudia‚

203 697 271 729 Nos
296 700 404 729 nostra
429 698 553 730 solvens
581 697 688 730 debita

205 744 335 776 Reddat
358 745 503 785 supernis
530 745 659 777 civibus.

148 812 178 843 6.
205 811 266 843 Hic
291 812 372 842 enim
396 811 518 842 vinctus
546 810 698 852 caeditur,

203 857 277 889 Non
300 860 365 889 tam
391 858 549 897 Benignus
573 858 700 890 nomine

205 904 302 943 Quam
327 906 438 949 gratia,
464 914 526 944 qua
550 904 689 936 cernitur

203 952 326 983 Micam
348 954 398 983 tot
420 951 601 984 virtutibus.

838 189 868 221 ’7.
896 188 959 220 Hic
984 188 1072 220 clara.
1095 188 1196 221 caecis
1220 187 1350 221 lumina,

892 235 955 266 Hie
977 239 1068 275 grata
1091 236 1185 268 mutis
1209 235 1340 274 famina,

894 282 957 314 Hic
982 284 1101 315 cunctis
1127 284 1232 316 surdis
1257 282 1388 321 monita,

893 329 956 361 Hic
980 334 1067 363 recta
1092 331 1215 364 claudis
1238 330 1361 371 pervia,

861 420 866 427 .
893 395 956 429 Hic
981 405 1160 439 corporum,
1185 397 1238 428 hic
1263 395 1415 427 mentium

894 443 1055 476 Medelam
1083 445 1136 476 dat
1161 443 1319 484 fidelibus,

892 490 955 522 Hic
978 500 1186 531 supernorum
1209 490 1324 522 civium

895 537 994 576 Quam
1018 540 1126 578 plures
1153 539 1248 570 donat
1274 534 1426 568 coetibus.

859 629 867 637 .
892 604 996 644 Hujus
1021 604 1155 644 Benigni
1179 602 1338 643 precibus,

893 651 959 683 Nos
983 652 1080 692 solve,
1108 651 1243 691 Christe,
1270 648 1415 688 vinculis,

894 699 1030 736 Quorum
1055 701 1199 730 tenemur
1223 697 1368 736 nexibus,

889 744 938 776 Ne
964 746 1122 785 potiamur
1145 745 1307 786 praemiis

823 811 878 843 10.
895 810 1005 842 Gloria
1029 811 1099 852 tibi,
1125 811 1263 850 trinitas,

894 857 1047 896 Concede,
1073 859 1210 898 simplex
1232 858 1349 897 unitas,

892 904 938 936 Ut
962 906 1055 944 hujus
1081 906 1156 937 almi
1180 905 1330 945 precibus

892 951 970 983 Tuis
995 951 1138 984 fruamur
1160 952 1295 992 gaudiis.

225 1034 304 1062 Cffic-
325 1042 377 1062 ms.
400 1034 428 1062 S.
450 1034 575 1070 Benigui
594 1042 669 1062 satae.
692 1032 735 1061 16.
773 1034 842 1062 Cocl.
863 1035 953 1063 Univ.
973 1035 1098 1063 Januen.
1120 1036 1146 1062 A
1168 1035 1211 1062 IV
1233 1033 1280 1063 32.

562 1181 607 1213 88.
637 1181 681 1212 De
698 1182 804 1213 saneto
827 1181 1016 1213 Bernhardo.

147 1273 177 1304 1.
205 1271 325 1307 Gaude,
351 1274 453 1303 mater
478 1270 619 1314 ecclesia,

204 1318 293 1358 Quod
317 1327 431 1350 novum
455 1319 601 1357 praestat
625 1317 731 1349 Gallia

206 1365 310 1397 Solem
333 1366 404 1397 luce
428 1364 638 1405 praefulgida,

202 1412 424 1444 Bernhardum
449 1421 468 1443 a
491 1412 687 1452 Burgundia.

146 1481 166 1511 ΕΘ

171 1504 178 1510 ,
204 1479 264 1518 Qui
285 1478 389 1509 noscit
412 1478 451 1510 ab
476 1477 613 1510 infantia

206 1525 317 1558 Carnis
342 1525 444 1556 vitare
467 1525 555 1563 vitia,

204 1572 369 1613 virginum
391 1572 475 1603 inter
500 1572 626 1613 agmina

204 1619 338 1651 Florens
364 1619 515 1650 virtutum
542 1620 642 1658 eopia.

147 1688 178 1720 3.
206 1686 280 1718 Cum
305 1694 394 1717 sacro
421 1687 511 1717 coetu
531 1688 706 1726 martyrum

203 1734 257 1765 Ad
282 1733 471 1764 destinatum
496 1732 639 1764 bravium

206 1780 313 1813 Currit
337 1783 369 1811 et
391 1777 585 1812 odoriferum

204 1826 260 1859 Fit
285 1826 499 1859 confessorum
523 1827 634 1860 lilium.

146 1899 179 1929 4.
207 1895 327 1927 Chorus
352 1895 435 1926 hunc
460 1894 651 1933 apostolicus

204 1942 250 1974 Et
270 1942 390 1982 jubilus
414 1942 574 1981 angelicus

208 1989 403 2021 Comitantur
426 1988 618 2021 solemnibus

205 2037 357 2069 Dotatum
380 2038 418 2067 ut
440 2036 620 2068 virtutibus.

824 1273 854 1304 5.
880 1271 1073 1311 Archangeli
1098 1272 1284 1315 suscipiunt,

883 1318 1005 1352 Throni
1031 1328 1153 1359 quoque
1177 1320 1346 1362 recipiunt,

883 1365 959 1398 Cum
985 1367 1138 1398 virtutum
1164 1368 1347 1399 coelestium

885 1413 984 1446 Coetu
1011 1414 1172 1446 collaudat
1195 1415 1376 1447 Dominum.

847 1504 855 1511 .
881 1479 1079 1512 Potestatum
1104 1481 1297 1513 solemnibus

882 1526 968 1559 Ordo
990 1526 1129 1559 laetatur
1153 1528 1294 1568 vocibuS,

882 1574 958 1606 Cum
987 1573 1254 1607 dominationibus

880 1620 1011 1653 Plaudit
1035 1621 1224 1654 Bernhardo
1246 1622 1421 1662 plausibus.

848 1713 855 1719 .
882 1686 957 1718 Cum
985 1685 1154 1719 Cherubim
1180 1688 1370 1730 admittitur,

883 1733 960 1766 Cum
984 1732 1147 1774 Seraphim
1173 1736 1368 1777 accenditur,

882 1780 980 1812 Totus
1005 1781 1039 1812 in
1064 1781 1167 1813 Deum
1192 1784 1317 1823 rapitur

881 1828 1064 1861 Flammans
1090 1829 1206 1861 amoris
1232 1830 1366 1865 facibus.

848 1921 856 1928 ,
881 1893 949 1925 Fac
972 1902 1029 1925 nos
1053 1895 1143 1935 lucis,
1170 1904 1231 1935 qua
1256 1895 1382 1938 frueriS,

881 1943 988 1982 Pater,
1013 1944 1070 1973 tua
1094 1942 1261 1975 clementia

884 1989 1081 2029 Bernharde‚
1107 1990 1162 2021 lux
1188 1992 1351 2034 ecclesiae,

882 2036 1061 2075 Partieipes
1085 2037 1119 2068 in
1143 2038 1254 2077 gloria.

512 2103 543 2135 9.
567 2102 662 2141 Laus,
689 2103 789 2135 honor
813 2105 846 2133 et
869 2102 1043 2141 tripudium

568 2149 637 2181 Deo
662 2150 747 2189 patri
772 2156 804 2181 et
827 2148 903 2190 filio,

569 2196 683 2229 Sancto
709 2197 802 2229 simul
827 2196 981 2236 paraclito

568 2244 630 2276 Per
652 2244 776 2276 infinita
800 2245 935 2277 saecula.

224 2329 329 2356 Dium.
355 2336 407 2355 ms.
429 2328 621 2357 cisterciense
647 2337 722 2357 saec.
751 2327 794 2356 14.
835 2329 903 2356 Cod.
931 2329 1072 2356 Marciau.
1093 2329 1150 2357 ZL.
1181 2328 1241 2358 159.
1262 2346 1301 2352 -—
1319 2330 1352 2367 4,
1372 2331 1393 2360 4
1419 2337 1453 2362 ut

149 2367 276 2404 ergl‘inzt.
