1651 2621
686 143 943 179 —150—

177 245 208 277 3.
235 244 259 276 Ο
285 244 413 287 Joseph,
437 243 637 277 noli.timere

279 291 415 324 Mariam
441 292 594 331 accipere,

236 338 288 370 Sic
312 343 344 371 te
368 339 467 370 voluit
486 347 613 370 monere

280 386 416 417 Nuntius
441 395 460 417 a
483 386 598 427 sidere,

237 431 362 464 Gaudet
382 431 478 464 filium
504 433 623 464 habere

281 479 342 511 Dei
365 483 450 511 casto
476 480 606 512 viscere.

177 537 208 569 4.
236 535 311 567 Cum
333 536 398 575 jam
422 544 502 575 puer
527 536 687 574 educatur,

280 582 383 622 Magis
407 583 650 615 adventantibus

232 629 332 661 Ferus
357 629 501 661 Herodes
525 630 671 661 turbatur

278 676 431 709 Minitans
454 675 637 718 infantibus,

235 724 299 756 Sed
323 727 355 754 te
379 732 506 755 monens
532 724 578 755 sic
601 723 713 755 affatur

281 770 384 810 Magis
410 771 638 803 remeantibus:

177 828 207 859 5.
235 826 336 857 Nocte
360 835 489 866 surgens
514 828 590 858 tolle
616 827 773 860 Christum

278 874 476 913 Matremque
500 874 659 914 velociter,

236 920 374 959 Pergens
399 919 472 960 fuge
495 921 528 952 in
553 923 742 961 Aegyptum,

281 967 330 998 lbi
355 967 432 998 siste
452 968 579 1008 jugiter,

237 1014 305 1045 Nec
328 1014 471 1054 reducas,
497 1015 554 1046 sed
578 1015 713 1047 edictum

282 1061 479 1093 Praestolare
501 1061 644 1097 firmiter.

848 244 878 272 6.

848 829 878 860 8.

906 239 981 271 Cum
1009 237 1175 270 destinatis
1200 237 1243 268 ad
1268 236 1399 268 caedem-

951 286 1158 319 Innocentum
1182 284 1309 315 milibus

904 333 1040 365 Mortem
1066 333 1162 364 sumit
1184 332 1218 363 in
1242 330 1422 362 mercedem

951 381 1021 413 Rex
1044 380 1190 412 Herodes
1214 378 1354 418 invidus,

904 429 1084 468 iterumque
1110 427 1291 460 Gabrielem

952 475 1086 508 Mandat
1109 478 1202 515 pater
1226 474 1374 507 coelicus.

872 557 879 564 .
906 533 996 565 Tolle
1019 541 1152 572 puerum
1174 534 1205 562 et
1229 532 1373 572 matrem,

951 580 1004 612 Sic
1028 583 1060 610 te
1084 582 1189 611 monet
1216 578 1358 618 Gabriel,

904 627 1049 660 Herodes
1074 627 1195 666 recepit.
1219 634 1324 657 acrem

954 674 1083 715 Necem,
1109 677 1227 706 terram
1252 672 1352 705 Israel

906 722 1001 764 Tene,
1029 723 1085 754 dat.
1108 722 1310 754 securitatem

953 769 1102 801 Universi
1126 769 1254 801 arbiter.

906 828 1004 864 Quam
1028 825 1168 859 fideliter
1189 834 1318 857 servare

954 873 1092 905 Matrem
1116 876 1211 913 atque
1232 872 1332 905 filium

908 920 1044 952 Studens
1068 930 1166 962 paves
1190 920 1347 960 repedare

954 968 1125 1000 Pristinum
1150 968 1192 999 ad
1216 968 1338 1011 solium,

908 1014 970 1046 Sed
994 1015 1155 1047 Nazareth
1178 1015 1325 1046 habitare

954 1063 1095 1094 Moneris
1120 1071 1178 1101 per
1202 1063 1357 1102 angelum.

525 1120 554 1151 9.
581 1118 650 1149 Tua
675 1117 758 1150 festa
783 1119 1006 1156 collaudantes,

630 1166 726 1197 Pater
750 1166 879 1207 Joseph‚
905 1166 1007 1209 visita,

581 1212 619 1244 In
643 1214 676 1243 te
702 1212 856 1244 Christum
882 1214 1051 1246 adorantes

630 1259 726 1291 Placa
749 1268 844 1299 prece
867 1261 1001 1301 sincera,

582 1305 632 1336 Ne
655 1315 711 1337 nos
730 1307 848 1346 J'ugiter
866 1311 1034 1347 peccantes

629 1353 755 1393 Mergat
773 1354 806 1386 in
830 1357 980 1387 tartarea.

252 1415 335 1442 Brev.
360 1424 411 1442 ms.
432 1414 461 1442 S.
480 1417 633 1444 Trinitatis
661 1419 693 1444 in
711 1418 834 1454 Alpibus
861 1421 929 1446 anni
951 1418 1032 1447 1450.
1073 1421 1142 1448 Cocl.
1163 1422 1353 1449 Laurentian.
1375 1422 1467 1451 Conv.

180 1461 238 1488 sup.
262 1451 323 1479 ³12.
343 1454 377 1480 A.
397 1467 434 1472 ——
453 1453 536 1481 Brev.
556 1454 832 1483 Vallumbrosanum
852 1459 919 1493 imp.
940 1466 962 1485 s.
983 1458 1002 1485 1.
1024 1461 1053 1486 et
1072 1467 1096 1486 a.
1118 1460 1150 1487 B.

561 1574 627 1605 250.
657 1574 699 1605 De
719 1583 742 1605 s.
762 1575 901 1607 Jucunda
920 1577 1098 1618 Rhegiensi.

178 1642 208 1674 1.
234 1641 388 1681 Jucunda‚
415 1642 501 1682 virgo
526 1643 640 1675 nobilis

234 1688 363 1727 Deoque
386 1689 599 1729 acceptabilis,

234 1735 340 1767 Vitam
364 1735 476 1768 beatae
500 1737 631 1778 virginis

234 1781 348 1814 Secuta
372 1792 391 1814 a
416 1783 587 1818 cunabulis,

176 1841 207 1872 2.
236 1838 368 1871 Carnem
392 1840 489 1872 sacris
511 1841 638 1880 jejuniis

233 1886 400 1918 Macerans
426 1889 457 1918 et
481 1888 606 1928 vigiliis,

234 1932 396 1965 Lacrimas
422 1936 454 1965 et.
477 1935 612 1975 suspiria

232 1980 405 2012 Effundens
431 1990 535 2013 coram
559 1984 688 2024 angelis.

849 1648 880 1679 3.

906 1646 1020 1679 Juncta
1046 1648 1139 1681 beato
1160 1650 1329 1691 Prospero,

906 1694 978 1726 Non
1004 1696 1123 1727 carnali
1148 1699 1347 1739 commercio,

905 1742 935 1773 A
959 1743 1074 1781 spiritu
1097 1744 1257 1777 Paraclito

904 1789 1022 1821 Erecta
1048 1799 1117 1822 cum
1141 1792 1295 1832 tripudio.

906 1846 959 1878 Ad
984 1847 1066 1879 hanc
1085 1849 1142 1880 ille
1164 1851 1383 1884 sanctissimus

904 1893 1077 1927 Modulatis
1103 1898 1294 1930 carminibus

903 1940 948 1972 Et
970 1943 1086 1981 spretis
1112 1946 1195 1977 curis
1220 1947 1365 1979 omnibus

905 1988 1010 2021 Sacris
1035 1991 1147 2023 scribit
1171 1993 1327 2033 apicibus,

248 2046 391 2081 Tamayo‚
423 2047 573 2082 Mai-tyrol.
601 2049 724 2084 Hispan.
751 2050 795 2078 VI
802 2070 808 2084 ‚
842 2049 897 2079 265
922 2061 966 2089 sq.
994 2063 1029 2081 ex
1056 2058 1187 2092 „vetusto
1215 2059 1366 2088 Breviario
1393 2061 1470 2089 Rhe-

172 2081 294 2119 giensi“.
316 2100 352 2103 —
373 2083 397 2118 1,
417 2082 437 2112 4
456 2083 491 2112 ab
511 2086 704 2114 incunabulis.

602 2195 661 2227 251.
691 2197 734 2228 De
753 2200 858 2230 sancto
879 2200 1024 2233 Jucumlo.

175 2266 204 2298 1.
230 2265 374 2305 Augusta
401 2274 484 2297 nunc
507 2267 682 2307 Praetoria,

230 2312 321 2344 Novo
347 2313 450 2353 gaude
473 2314 651 2354 praeconio,

231 2360 277 2392 Te
301 2370 374 2392 nam
398 2360 536 2393 Jucundi
560 2362 661 2401 gloria

231 2407 369 2440 Solemni
394 2409 497 2448 replet
515 2409 639 2449 gaudio.

848 2271 878 2302 2.
906 2271 980 2303 Vita
1005 2272 1167 2306 Jucundus
1193 2276 1313 2316 optima

905 2318 955 2350 De
978 2321 1011 2350 te
1035 2322 1193 2354 nascendo
1218 2325 1353 2369 prodiit,

906 2365 980 2398 Rite
1005 2367 1164 2401 detestans
1189 2370 1307 2413 infima,

909 2413 1051 2447 Goeleste
1079 2425 1210 2456 regnum
1234 2421 1338 2460 petiit.
