1653 2622
717 120 976 155 -287—

617 232 683 263 487.
713 231 757 263 De
777 232 884 263 saneto
905 230 1080 262 Vincentio.

192 300 224 334 1.
250 300 349 333 Deum
379 299 511 340 virginis
535 299 644 344 filium,
876 302 909 334 4.
936 300 1041 332 Judex
1070 298 1218 332 confusus
1243 300 1377 342 aestuat,

249 348 307 381 Pie
330 351 463 388 martyr,
488 348 673 387 propitium,
933 349 989 381 Ira
1013 350 1151 379 mentem
1176 347 1326 387 exagitat,

253 394 405 434 Vincenti,
432 398 488 426 tua
511 396 716 435 poscentibus
934 396 1031 429 Ultra
1053 395 1165 435 noscit,
1193 395 1270 435 quid
1295 393 1403 431 faciat,

246 443 359 475 Redde
383 441 467 475 festa
492 443 678 477 colentibus
934 442 997 475 Sed
1029 451 1064 474 se
1088 443 1208 475 victum
1232 442 1409 482 adjudicat.

191 502 221 535 2.
248 500 308 539 Qui
332 500 417 532 victo
441 500 553 532 mortis
578 500 724 540 principe
874 501 904 534 5.
932 500 981 532 Tu
1002 501 1069 540 J'am
1093 500 1185 532 miles
1210 500 1359 532 emeritus

246 548 389 588 Ejusque
417 550 518 580 strato
542 548 644 580 milite
932 549 1039 588 Atque
1065 556 1201 580 coronae
1227 548 1369 580 conscius

249 596 360 628 Victor
389 596 533 628 sublimis
558 596 653 628 hodie
933 596 1040 628 Patris
1067 596 1201 628 tendens
1226 596 1268 628 ad
1293 596 1407 628 solium

244 644 355 684 Regna
382 644 493 684 petisti
516 644 650 685 patriae.
931 644 1069 677 Dolores
1094 644 1221 685 spernis
1243 644 1420 676 vulnerum.

190 702 222 734 3.
248 701 363 733 Tortor
388 702 490 734 victus
516 701 652 743 erubuit,
874 703 905 735 6.
931 702 1028 743 Ergo,
1055 702 1148 734 miles
1174 702 1316 743 emerite,

247 749 300 781 Ad
325 748 428 781 Deum
451 758 555 789 poena
578 752 611 781 te
637 750 733 790 ducit,
931 750 999 783 Nos
1029 749 1116 783 ferre
1139 753 1244 783 tecum
1270 754 1389 792 satage,

246 797 479 837 Augmentatur
502 797 537 829 in
560 798 663 838 gloria
931 798 977 831 Ut
999 797 1071 831 fieri
1096 799 1272 841 participes

248 844 321 876 Tibi
345 845 489 884 poenalis
515 845 671 878 maehina.
934 847 1024 881 Coeli
1047 848 1206 888 possimus
1232 848 1363 888 gloriae.

528 903 560 936 7.
585 903 732 935 Praestet
758 906 852 943 pater
877 906 910 936 et
933 903 1030 947 filius,

584 952 733 984 Praestet
756 951 922 983 amborum
946 952 1090 994 spiritus,

584 999 731 1031 Praestet
762 1008 863 1032 verax
887 1002 920 1031 et
944 1000 1072 1044 veritas,

584 1047 732 1079 Praestet
755 1046 852 1079 beata
875 1048 1015 1082 trinitas

263 1119 373 1155 Hymn.
392 1129 446 1148 ms.
466 1129 491 1148 c.
513 1119 682 1148 Commento
703 1129 779 1149 saec.
802 1119 846 1150 13.
881 1122 951 1150 God.
968 1123 1121 1150 Mantuan.
1141 1123 1169 1151 E
1188 1124 1204 1151 Ι
1226 1122 1270 1151 14.
1290 1139 1327 1143 —
1351 1123 1376 1159 1,
1398 1122 1416 1153 3
1438 1126 1505 1153 eine

188 1157 271 1186 Silbe
290 1167 328 1185 zu
348 1158 423 1194 vie13
443 1158 499 1187 lies
519 1161 572 1186 tua
591 1160 727 1195 precibus
747 1160 818 1188 oder
836 1162 870 1188 tu
889 1162 1098 1196 poscentibus?

616 1280 685 1313 488.
716 1281 759 1313 De
779 1283 887 1315 saneto
908 1283 1073 1315 Zacharia.

188 1350 219 1383 1.
248 1349 410 1383 Christum
437 1351 604 1384 laudemus
628 1351 725 1385 hodie
876 1356 909 1388 4.
937 1356 1045 1395 Pater,
1068 1363 1147 1395 roga
1169 1357 1257 1387 tuum
1282 1358 1402 1398 natum,

246 1398 444 1431 Venerantes
468 1399 574 1439 ipsum
599 1400 663 1440 pie,
937 1403 1034 1435 Suum
1060 1405 1151 1443 roget
1173 1406 1210 1435 ut
1234 1407 1409 1448 cognatum,

246 1445 356 1478 Sancti
381 1445 466 1479 festa
489 1448 665 1480 Zachariae
936 1450 1111 1491 Dirigendo
1135 1454 1262 1484 nostros
1287 1455 1389 1484 status

246 1493 453 1526 Celebrantes
477 1495 511 1527 in
537 1496 597 1528 hau
624 1496 685 1530 die.
936 1499 1079 1532 Colloeet
1106 1499 1147 1531 ad
1174 1499 1321 1532 dextrum
1347 1501 1441 1533 latus.

187 1553 218 1584 2.
244 1552 418 1584 Zacharias
445 1555 494 1584 est
517 1553 698 1586 laudandus
877 1556 908 1588 5.
934 1556 1103 1597 Moniales,
1129 1557 1295 1598 Zacharia,

244 1601 294 1631 Ac
318 1600 437 1640 ubique
460 1601 698 1640 praedicandus
935 1604 1006 1636 Duc
1031 1605 1073 1637 ad
1099 1613 1230 1646 regnum
1256 1609 1345 1639 reeta
1370 1606 1431 1647 via,

242 1648 288 1680 Et
312 1657 330 1680 a
356 1648 450 1681 nobis
475 1649 659 1682 adorandus
934 1651 981 1685 Ut
1006 1660 1076 1684 cum
1099 1653 1222 1693 virgine
1246 1654 1353 1687 Maria

245 1695 450 1737 Maximeque
478 1698 691 1732 venerandus,
935 1700 1084 1733 Laudent
1109 1701 1271 1734 Christum
1300 1703 1367 1735 vita
1391 1703 1456 1743 pia.

188 1753 219 1785 3.
242 1752 309 1783 Iste
336 1755 430 1792 pater
455 1756 674 1793 praecursoris
876 1759 907 1791 6.
935 1757 1046 1790 Gloria
1074 1759 1117 1790 sit
1140 1759 1281 1800 ingenito

245 1798 317 1830 Non
344 1801 505 1832 credendo
530 1803 699 1834 salvatoris
933 1805 1077 1846 EJ'usque
1108 1807 1270 1847 unigenito

246 1846 362 1879 Verbis
391 1847 501 1886 perdit
527 1858 621 1880 voces
644 1850 718 1890 oris,
933 1852 1097 1893 Simulque
1119 1858 1229 1886 saneto
1254 1853 1385 1898 flamini,

246 1893 314 1926 Nos
346 1893 499 1926 defendat
525 1897 645 1927 cunctis
670 1897 766 1932 horis.
935 1900 994 1938 Qui
1019 1905 1133 1941 regnat
1157 1902 1226 1933 sine
1250 1903 1364 1942 spatio.

259 1971 370 2006 Hymn.
396 1979 450 1998 ms.
478 1971 508 1999 S.
536 1970 737 2000 Scholasticae
764 1973 900 2002 Casinen.
927 1983 1002 2003 saec.
1026 1974 1069 2003 15.
1114 1976 1183 2005 Cod.
1206 1978 1342 2006 Casinen.
1371 1976 1436 2007 869.

183 2007 209 2041 3,
235 2007 249 2037 1
270 2008 363 2037 Aestu
382 2011 475 2046 pater.
496 2024 535 2028 —
554 2007 581 2044 3,
602 2008 620 2038 3
640 2011 746 2047 perdis.
773 2027 807 2032 —
828 2011 854 2047 6,
875 2010 894 2041 3
913 2013 984 2041 Lies
1005 2015 1118 2042 flamini
1138 2017 1261 2044 saneto?

625 2132 696 2164 489.
726 2131 772 2164 De
792 2134 900 2165 saneto
924 2134 1065 2167 Zenobio.

720 2200 755 2231 In
777 2201 801 2230 1.
822 2202 972 2240 Vesperis.

476 2272 508 2305 1.
535 2271 631 2305 Zelus
656 2273 807 2303 aeternae
831 2272 961 2312 pietatis
986 2274 1095 2305 orbem

533 2321 608 2354 Jam
632 2319 724 2352 novis
749 2321 847 2351 totum
871 2320 972 2352 radiis
997 2321 1152 2366 refundit,

530 2368 634 2401 Laeta
657 2367 790 2400 Zenobii
814 2368 987 2401 recolenda
1011 2368 1103 2409 festa,

581 2416 745 2450 Praesulis
778 2416 863 2450 almi.
