1651 2621
729 152 985 190 —107-

199 245 254 279 13.
269 244 341 278 Hoc
366 255 498 280 cernens
523 251 661 282 moestus
686 249 828 283 carnifex
888 251 942 285 14.
958 251 1078 284 Horum
1104 252 1146 292 te,
1175 250 1309 290 Christe,
1334 249 1456 282 meritis

268 293 339 326 Hos
365 295 466 327 multa
491 300 564 335 post
589 297 747 339 supplicia
958 298 1051 331 Nune
1076 298 1284 338 deprecamur
1310 297 1426 339 cernui,

269 341 434 374 Macronis
457 342 524 374 ictu
549 342 667 377 feriens
958 345 1024 384 Quo
1049 354 1226 378 mereamur
1250 345 1374 378 veniam

270 388 325 420 Ad
351 390 432 421 coeli
454 391 543 422 misit
565 392 692 431 gaudia.
956 392 1001 426 Et
1025 393 1168 433 paradisi
1193 392 1319 432 gaudia.

604 448 658 481 15.
685 448 753 481 Deo
778 450 864 488 patri
890 449 932 480 sit
956 449 1067 489 gloria.

281 510 368 538 Brev.
396 520 449 539 ms.
478 510 507 537 S.
535 512 664 547 Sophiae
683 513 907 541 Beneventanae
931 522 1006 541 saec.
1035 512 1079 541 11.
1121 513 1189 541 Cod.
1209 514 1342 541 Vatican.
1366 511 1449 541 4928.
1475 529 1513 534 -—

198 544 361 623 {zggnfzihlt
381 550 446 577 eine
466 548 562 586 Silbe;
583 550 654 578 lies:
676 551 739 579 Hos
759 560 811 588 pro
832 551 927 579 salute
946 551 1021 579 filii?
1042 565 1080 572 —
1098 548 1125 585 8,
1145 549 1164 579 3
1183 551 1256 579 fehlt
1275 552 1340 579 eine
1360 551 1454 588 Silbe;
1480 554 1512 580 in

575 707 635 739 174.
663 708 699 741 In
718 709 901 741 Sanctorum
919 709 976 741 XII
996 710 1152 741 Fratrum.

748 785 798 816 Ad
816 785 943 816 Laudes.

201 853 232 886 1.
260 852 421 893 Splendor
448 853 512 886 diei
536 854 657 894 rutilat,
887 857 918 888 4.
945 855 1134 888 Sabinianus
1158 855 1295 899 inclitus,

257 900 394 933 Dicatus
420 900 557 934 fratrum
581 901 743 943 sanguine,
946 903 1141 942 Septiminus
1165 902 1312 935 similiter

257 948 296 980 Iu
322 957 383 988 quo
406 948 551 981 Donatus
573 949 696 989 emicat,
945 950 1106 990 Simulque
1131 950 1300 982 Januarius

257 994 352 1027 Felix
381 998 413 1027 et
437 997 602 1029 Ammius,
947 997 1099 1029 Coneives
1124 996 1309 1030 beatissimi.

200 1053 232 1084 2.
259 1052 344 1084 Hine
368 1053 550 1085 Honoratus
576 1053 692 1093 radiat,
888 1055 918 1086 5.
945 1053 1048 1093 Felix,
1076 1053 1191 1085 Vitalis
1217 1053 1395 1094 concinunt,

260 1099 420 1131 Christum
446 1099 578 1132 fatendo
602 1100 781 1140 praedicat,
947 1101 1078 1133 Satorus
1103 1103 1135 1131 et
1158 1101 1339 1139 Repositus,

259 1146 356 1178 Mixti
382 1147 494 1178 turmis
519 1147 672 1188 angelicis
944 1147 1102 1179 Mieantes
1128 1148 1201 1179 aula
1225 1148 1314 1188 regia

258 1193 331 1225 Jam
356 1194 496 1226 reddunt
520 1194 631 1226 laudes
656 1193 802 1228 Domino.
946 1194 1077 1233 Semper
1102 1193 1211 1227 felices
1232 1195 1380 1234 J'ubilant.

201 1252 233 1283 3.
260 1250 510 1282 Fortunatianus
532 1249 651 1290 jubilat
888 1252 919 1283 6.
946 1251 1040 1284 Unde
1064 1259 1121 1283 nos
1148 1259 1254 1283 omnes
1280 1251 1440 1290 supplices

261 1296 383 1329 Gerens
408 1299 494 1329 serta
519 1298 675 1337 martyrii,
947 1299 1010 1330 Vos
1034 1297 1222 1340 flagitamus,
1248 1301 1415 1338 martyres,

260 1344 370 1376 Nexus
393 1345 493 1377 sacris
518 1345 694 1384 virginibus
947 1347 1009 1378 Per
1034 1354 1139 1386 regem
1165 1354 1272 1386 regum
1297 1345 1478 1386 Dominum,

258 1391 429 1432 Depromit
455 1391 580 1425 Christo
607 1392 740 1426 cantica.
946 1393 991 1425 Ut
1016 1393 1094 1424 coeli
1122 1393 1217 1424 donet
1240 1393 1366 1432 gaudia.

601 1451 631 1483 7.
657 1448 726 1481 Deo
751 1450 837 1489 patri
862 1449 906 1481 sit
928 1449 1038 1490 gloria.

277 1515 363 1542 Brev.
388 1523 441 1541 ms.
471 1513 500 1541 S.
529 1513 658 1550 Sophiae
685 1513 882 1542 Beneventan.
910 1522 984 1542 saec.
1007 1512 1051 1541 11.
1092 1514 1160 1541 Cod.
1180 1514 1326 1550 Neapolit.
1353 1515 1396 1543 VI
1414 1514 1440 1541 Ε
1465 1512 1511 1542 43.

199 1553 235 1580 A.
257 1567 295 1572 —-
314 1553 400 1581 Brev.
420 1561 474 1580 ms,
496 1551 525 1579 S.
548 1552 678 1587 Sophiae
693 1552 891 1580 Beneventan.
913 1560 987 1580 saec.
1010 1550 1054 1579 11.
1089 1551 1158 1579 Cod.
1172 1553 1306 1579 Vatiean.
1325 1551 1409 1580 4928.
1423 1552 1456 1579 Β.
1476 1566 1514 1571 --

201 1589 230 1625 1,
261 1589 282 1618 4
309 1591 383 1618 fehlt
412 1592 477 1618 eine
500 1589 596 1626 Silbe3
629 1590 684 1618 lies
710 1590 799 1618 simul
823 1590 983 1618 Arontius‘?
1012 1605 1051 1608 —
1075 1589 1106 1624 2,
1138 1588 1155 1616 2
1174 1590 1286 1618 Mixtus
1306 1591 1338 1618 B.
1366 1604 1403 1609 —-
1429 1588 1463 1624 4,
1495 1588 1512 1617 2

200 1628 360 1666 Septimius
384 1629 418 1656 B.

560 1739 623 1771 175.
655 1740 691 1771 In
712 1740 897 1771 Sanctorum
916 1739 975 1771 XII
994 1739 1152 1771 Fratrum.

698 1817 747 1846 Ad
768 1816 855 1855 Vesp.
878 1820 907 1847 et
925 1816 1011 1847 Noct.

478 1887 509 1921 1.
538 1886 625 1919 Votis
650 1889 784 1926 tuorum,
813 1887 949 1927 Christe,
976 1886 1117 1919 fidelium

534 1935 582 1966 Te
602 1934 811 1974 postulamus,
836 1934 962 1974 plenius
987 1943 1100 1975 annue,

535 1981 594 2022 Qui
619 1991 702 2013 nune
727 1983 852 2014 tuorum
877 1991 982 2014 annua
1005 1985 1182 2023 martyrum

534 2030 686 2063 Fratrum
711 2029 875 2061 celebrant
899 2027 981 2061 festa
1008 2029 1185 2063 duodecim.

477 2088 509 2119 2.
537 2086 619 2126 Quos
645 2095 737 2119 saera
760 2085 897 2119 Theclae
921 2086 1096 2118 visceribus
1122 2089 1207 2119 satos

536 2134 598 2167 Tui
623 2134 761 2174 replevit
784 2134 888 2173 gratia
912 2134 1056 2174 spiritus,

535 2182 581 2216 Ut
605 2182 750 2214 veritatis
775 2189 907 2221 carpere
931 2181 1075 2213 semitam

535 2230 714 2271 Fidemque
737 2232 870 2270 possent
894 2238 1045 2271 spargere
1069 2230 1226 2271 gentibus.

475 2290 506 2322 3.
533 2288 638 2331 Felix,
665 2287 809 2320 Donatus
836 2290 885 2319 est
910 2289 942 2318 et
965 2287 1129 2328 Arontius,

531 2336 636 2377 Felix,
662 2336 778 2369 Vitalis
803 2337 899 2376 atque
923 2335 1105 2376 Repositus,

532 2385 593 2418 His
621 2384 814 2425 Septiminus
839 2383 992 2426 septimus
1018 2383 1158 2423 additur,

533 2432 723 2467 Sabinianus
750 2435 781 2464 et
803 2431 984 2467 «Ianuarius
