1651 2621
729 123 965 161 *41*

454 221 485 255 3.
511 221 634 254 Audito
658 225 767 255 saneto
791 222 878 255 illico
903 222 1064 263 mandato,

511 270 653 310 Impiger
678 271 782 312 aegris
808 273 923 303 cuncta
948 271 1117 312 deputavit

511 316 693 358 sponteque
716 327 774 351 sua
799 327 934 359 corpora
959 319 1089 351 devexit

558 364 679 397 Montis
704 366 746 398 ad
771 369 873 401 antra.

451 438 484 470 4.
511 436 577 470 Ubi
601 446 664 469 non
690 438 822 478 pingues
846 438 1004 479 gestiebat
1027 438 1142 479 vietus,

510 484 584 517 Non
608 485 685 517 vinu
710 485 796 517 dulci
820 486 978 526 liquorata
1002 486 1107 526 melle,

512 531 613 565 Simul
638 536 671 564 et
692 535 798 565 vestes
822 532 946 574 fulgide
968 537 1131 566 contextas

558 579 653 612 Ultro
679 580 824 620 projecit.

452 652 485 684 5.
511 651 613 683 Tenui
637 655 732 691 pastu
755 651 936 691 pellebatur
961 651 1072 692 fames,

510 699 623 731 Amnis
648 697 767 731 fluenta
789 699 938 739 poculum
962 699 1180 740 praestabant,

511 746 664 785 Tegmine
686 746 743 778 vili
769 746 867 786 frigus
894 747 1063 779 arcebatur

557 794 849 828 Archimandritae.

452 868 482 899 6.
510 865 630 899 Christi
656 865 709 905 qui
733 865 846 905 plenus
872 874 968 905 opere
992 866 1144 907 pollebat,

510 912 652 952 Sobrius,
679 914 785 944 castus
807 913 935 945 coelic-is
961 912 1112 945 adstabat

511 960 633 999 Choris,
660 970 678 992 o
704 963 821 1000 quanta
844 960 926 992 mira
949 960 1116 1001 satagebat

557 1008 621 1040 Pro
648 1008 790 1041 caritate.

450 1081 482 1114 7.
508 1079 670 1118 Perpetim
696 1087 803 1111 sacros
828 1078 1011 1111 macerabat
1035 1081 1133 1116 artus

510 1127 577 1166 Quo
602 1128 695 1167 longe
717 1129 851 1166 turpans
877 1126 1038 1158 exsularet
1062 1126 1165 1166 luxus,

511 1174 633 1207 Crebra
659 1176 868 1214 contorquens
892 1174 1018 1206 viscera
1039 1173 1161 1214 jejunio

558 1222 691 1255 Clausus
715 1222 749 1253 in
775 1224 877 1254 antro.

448 1294 480 1326 8.
504 1292 635 1324 Tartari
659 1298 783 1324 turmae
807 1292 956 1325 invasere
979 1292 1078 1334 pium,

509 1339 686 1372 Flammam
711 1343 873 1372 vomentes
899 1338 1028 1371 fremitu
1053 1339 1188 1381 funesto,

510 1388 674 1420 Passimve
704 1387 782 1419 diris
807 1387 924 1420 ictibus
950 1390 1078 1420 urentes

556 1436 727 1468 Famulum
751 1434 822 1468 Dei.

451 1509 481 1541 9.
508 1507 616 1539 Fortis
642 1507 764 1539 athleta
787 1506 853 1538 fide
879 1505 1030 1538 loricatus

509 1554 639 1596 Spernit
665 1555 783 1587 deliros
810 1554 998 1586 daemonum
1021 1551 1147 1585 furores

506 1604 614 1642 Atque
641 1602 767 1634 deridet
790 1602 892 1633 minas
918 1605 950 1633 et
973 1602 1096 1641 rugitus

555 1650 667 1683 Mente
691 1659 813 1682 secura.

425 1723 478 1756 10.
503 1722 622 1754 Mirum
647 1722 680 1753 in
705 1721 833 1753 modum
860 1721 993 1753 caritate
1017 1718 1145 1752 fervens

506 1769 606 1802 Vasta
627 1778 687 1810 per
711 1769 783 1801 loca
806 1769 977 1801 monachos
1002 1768 1123 1808 adibat,

505 1817 643 1851 Pectora
672 1826 804 1858 quorum
830 1816 922 1848 arida
947 1814 1077 1849 fovebat

551 1865 686 1899 Famine
710 1873 812 1898 sacro.

424 1938 478 1971 11.
505 1936 584 1969 Cum
604 1937 672 1977 jam
696 1937 739 1968 ad
763 1939 851 1968 astra
874 1935 978 1968 vietor
1004 1935 1184 1976 coronatur,

502 1984 653 2025 Undique
677 1987 810 2018 currunt
832 1985 939 2016 coetus
964 1981 1204 2025 monachorum⁷

502 2032 661 2067 Lacrimis
686 2032 791 2073 plenis
814 2030 988 2065 osculando
1013 2030 1113 2071 pedes

551 2081 657 2114 Patris
682 2079 779 2114 beati.

407 2150 463 2184 12.
489 2148 632 2182 Trinitas
658 2148 743 2180 alma
767 2155 893 2186 semper
919 2145 1129 2186 collaudetur,

502 2196 629 2230 Christo
655 2196 697 2228 sit
721 2196 817 2228 decus
842 2194 1007 2236 gloriaque
1032 2194 1139 2235 digna,

499 2244 606 2278 Patris
630 2244 753 2277 Antoni
780 2243 905 2276 meritis
929 2243 1089 2282 juvemur,

547 2294 646 2326 Pater
670 2294 809 2326 aeterne.

248 2391 337 2420 Brev.
361 2397 416 2417 ms.
439 2388 468 2417 S.
488 2389 646 2417 Trinitatis
670 2389 704 2415 iu
723 2387 849 2423 Alpibus
878 2386 949 2413 anni
974 2382 1057 2413 1455.
1098 2383 1169 2412 God.
1189 2384 1383 2412 Laurentian.
1407 2384 1500 2412 Coma

171 2440 235 2467 sup.
257 2427 323 2457 512.
344 2444 382 2448 —
403 2427 429 2463 7,
450 2425 470 2454 4
491 2426 617 2456 Clausus
640 2427 672 2454 in
691 2426 832 2453 Antonio.
852 2440 890 2445 —
910 2423 995 2453 Nach
1015 2421 1073 2452 Str.
1095 2420 1111 2450 6
1132 2423 1261 2451 Divisio.
