1653 2622
722 116 982 152 —285—

193 213 225 246 3.
252 211 337 245 Risit
359 212 506 246 insanum
527 213 681 254 judicem,
880 216 911 248 5.
937 214 1031 248 Nova
1053 215 1212 256 perquirit
1237 224 1353 256 genera

251 262 419 294 Armatum
444 262 568 300 sprevit
590 262 735 302 militem,
937 264 1116 296 Poenarum
1141 263 1350 304 atrocissima,

252 307 495 342 Tor-mentorum
518 309 675 353 incendia,
939 311 1058 350 Quibus
1083 311 1195 344 invicti
1218 312 1370 353 martyris

251 355 334 390 Fide
361 356 477 390 devota
501 358 696 398 supplicans,
938 360 1082 393 Coronae
1106 368 1246 400 gemmas
1268 359 1392 395 inserit.

193 415 225 447 4.
252 413 339 447 Hinc
362 413 412 447 ira
437 413 565 447 fervens
590 415 694 447 acrius
880 417 912 450 6.
940 416 1039 455 Quam
1063 416 1144 449 mira
1169 417 1229 449 Dei
1253 417 1367 458 pietas,

252 460 405 502 Malignis
430 464 524 494 aucta
548 461 640 495 furiis
937 465 1037 504 Quam
1064 473 1175 496 caecus
1199 464 1289 496 furor
1312 464 1482 507 praesidis,

250 508 392 542 Mentem
418 509 547 543 artabat
571 511 712 553 impiam,
937 512 997 552 Qui
1022 512 1068 544 sic
1091 515 1160 544 arte
1186 512 1332 545 dissimili

252 556 373 590 Christi
396 559 547 599 torquere
570 560 715 593 militem.
940 559 1161 600 Coeperantur
1182 561 1326 601 martyri.

583 617 613 650 7.
639 614 751 648 Honor
776 618 906 648 aeterno
930 616 1061 656 numini,

638 662 739 706 Patri,
765 666 904 703 natoque
927 662 1059 705 flamini,

638 710 688 743 Sit
713 711 808 743 decus
833 715 928 751 atque
953 712 1055 752 gloria

640 759 706 792 Per
729 758 856 791 infinita
881 760 1018 792 saecula.

270 834 356 862 Brev.
377 843 430 862 ms.
450 834 656 863 Placentinum
677 842 751 863 saec.
773 832 847 864 14l15.
890 834 959 863 Cocl.
982 835 1077 872 Capit.
1097 835 1227 863 Placent.
1247 832 1293 862 21.

619 956 689 989 484.
720 956 764 988 De
784 957 894 989 sancto
915 956 1089 988 Vincentio.

754 1024 803 1055 Ad
822 1024 950 1055 Laudes.

191 1093 222 1127 1.
248 1093 370 1126 Vendit
392 1094 449 1126 ille
473 1094 641 1134 supplicia,
880 1095 911 1127 4.
938 1095 1055 1135 Vitam,
1081 1103 1257 1136 precamur,
1287 1093 1441 1134 conditor,

252 1140 397 1174 Christus
423 1141 559 1173 redonat
582 1142 736 1184 praemia,
940 1142 1041 1174 Tuam
1067 1140 1225 1173 defunctis
1250 1140 1366 1185 tribue,

252 1189 403 1229 Quaeque
427 1192 522 1229 parat
544 1190 687 1228 saevitia,
939 1189 983 1222 Ut
1012 1189 1071 1222 tibi
1096 1190 1206 1221 vivant
1229 1188 1375 1229 Domino,

251 1236 352 1270 Fides
377 1237 475 1269 vertit
498 1236 531 1268 in
557 1238 700 1278 gloriam.
941 1238 999 1277 Qui
1024 1237 1202 1269 moriuntur
1226 1237 1362 1269 saeculo.

190 1296 223 1327 2.
250 1294 320 1333 Qua
345 1294 454 1326 vivens
480 1297 603 1335 martyr
628 1298 775 1327 strenuus
880 1296 912 1329 5.
938 1295 1003 1327 Fer
1028 1302 1120 1334 opem
1145 1294 1236 1326 nobis
1261 1293 1396 1334 miseris,

250 1341 337 1374 Vicit
367 1342 466 1374 levita
490 1343 651 1374 saeculum
938 1343 1061 1375 Lumen
1088 1343 1225 1374 concede
1249 1341 1416 1381 mentibus,

251 1388 321 1422 Nec
347 1390 444 1422 cessit
468 1388 590 1422 fractus
617 1389 741 1422 crimini
940 1391 979 1423 In
1003 1391 1085 1423 viam
1110 1390 1199 1429 pacis
1227 1389 1329 1429 dirige

250 1438 421 1477 Trophaea
446 1441 548 1470 morte
573 1438 712 1479 rapienS.
939 1438 1023 1477 Quos
1046 1437 1212 1470 redemisti
1236 1436 1401 1477 sanguine.

190 1495 224 1528 3.
249 1493 377 1527 Novum
400 1503 498 1535 genus
524 1495 678 1528 victoriae
879 1496 911 1528 6.
937 1494 987 1527 Sis
1011 1493 1103 1527 nobis
1127 1495 1162 1526 in
1185 1493 1392 1534 praesidium,

248 1542 337 1575 Deus
364 1543 427 1583 egit
451 1544 484 1575 in
509 1546 660 1583 martyre,
938 1543 998 1583 Qui
1024 1551 1056 1574 es
1079 1545 1181 1574 tutum
1207 1540 1374 1585 refugium,

247 1590 294 1623 Ut
319 1590 417 1622 vitam
442 1591 537 1622 morti
563 1591 712 1631 subigens
939 1590 1118 1630 splendens
1145 1598 1262 1622 corona
1286 1592 1472 1629 martyrum,

242 1638 384 1670 Doceret
409 1639 507 1671 vitam
534 1639 665 1679 despici,
937 1638 1032 1670 Vitae
1055 1638 1174 1678 largire
1198 1637 1384 1678 praemium,

589 1697 621 1730 7.
645 1695 758 1728 Honor
785 1699 917 1728 aeterno
941 1695 1074 1728 numini.

263 1771 349 1800 BreV.
379 1780 433 1799 ms.
458 1770 664 1799 Placentinum
689 1779 765 1799 saec.
791 1769 865 1800 14l15.
912 1770 981 1799 Cod.
1009 1771 1103 1806 Capit.
1129 1771 1261 1799 Placent.
1287 1768 1334 1799 21.
1361 1785 1398 1789 —
1428 1767 1459 1803 1,
1487 1767 1506 1797 4

188 1810 293 1846 gloria.
314 1823 349 1828 —
372 1807 399 1844 2,
420 1807 438 1838 3
459 1811 549 1838 cessit
566 1810 688 1838 fructus.

615 1930 683 1963 485.
713 1931 758 1962 De
777 1931 887 1963 sancto
909 1929 1083 1963 Vincentio.

749 2000 797 2030 Ad
817 1999 945 2030 Laudes.

187 2073 217 2106 1.
242 2072 407 2106 Vincentii
431 2071 605 2112 praeconia
878 2073 909 2106 3.
935 2071 1055 2103 Noster
1079 2070 1202 2102 athleta
1225 2070 1355 2103 Domini

244 2122 358 2155 clerus
385 2120 555 2160 depromat
578 2118 685 2159 hodie,
936 2118 1109 2159 Superavit
1132 2118 1284 2150 immania

245 2169 356 2210 Ipsum
383 2167 504 2201 Christi
530 2167 699 2200 clementia
934 2167 978 2199 Et
1003 2175 1071 2199 rem
1097 2165 1297 2199 conformans
1321 2168 1440 2200 nomini

244 2217 350 2251 Duxit
375 2216 417 2248 ad
441 2216 592 2248 thronum
618 2215 749 2257 gloriae.
935 2215 1107 2247 Tormenta
1130 2214 1209 2246 vicit
1233 2215 1347 2249 omnia.

184 2277 217 2308 2.
242 2275 280 2307 In
309 2274 440 2306 coelesti
463 2274 647 2306 hierarchia
878 2275 910 2306 4.
937 2272 1135 2306 Cruciandus
1165 2272 1335 2312 exponitur

244 2323 355 2355 Honor
380 2322 423 2354 sit
443 2322 562 2355 sanctis
585 2320 740 2364 omnibus,
936 2321 974 2353 In
1001 2320 1168 2352 tormentis
1195 2320 1384 2362 durissimis,

243 2370 336 2402 Nova
360 2374 452 2402 sonet
475 2370 640 2402 harmonia
934 2368 1091 2409 Martyris
1117 2377 1231 2409 corpus
1256 2369 1413 2405 scinditur

242 2419 281 2452 In
306 2417 468 2450 Vincentii
489 2418 650 2453 laudibus.
932 2417 972 2449 In
995 2416 1107 2457 poenis
1130 2417 1347 2455 amarissimis,
