<?xml version="1.0" encoding="UTF-8"?>
<!DOCTYPE html PUBLIC "-//W3C//DTD XHTML 1.0 Transitional//EN"
    "http://www.w3.org/TR/xhtml1/DTD/xhtml1-transitional.dtd">
<html xmlns="http://www.w3.org/1999/xhtml" xml:lang="en" lang="en">
 <head>
  <title>
</title>
<meta http-equiv="Content-Type" content="text/html;charset=utf-8" />
  <meta name='ocr-system' content='tesseract 3.04.00' />
  <meta name='ocr-capabilities' content='ocr_page ocr_carea ocr_par ocr_line ocrx_word'/>
</head>
<body>
  <div class='ocr_page' id='page_1' title='image "./analectahymnica22drevuoft_00189.png"; bbox 0 0 1651 2621; ppageno 0'>
   <div class='ocr_carea' id='block_1_1' title="bbox 692 107 945 143">
    <p class='ocr_par' dir='ltr' id='par_1_1' title="bbox 692 107 945 143">
     <span class='ocr_line' id='line_1_1' title="bbox 692 107 945 143; baseline -0.008 0"><span class='ocrx_word' id='word_1_1' title='bbox 692 107 945 143; x_wconf 83' lang='lat'><strong>-—186—</strong></span> 
     </span>
    </p>
   </div>
   <div class='ocr_carea' id='block_1_2' title="bbox 610 197 1027 233">
    <p class='ocr_par' dir='ltr' id='par_1_2' title="bbox 610 197 1027 233">
     <span class='ocr_line' id='line_1_2' title="bbox 610 197 1027 233; baseline -0.012 -1"><span class='ocrx_word' id='word_1_2' title='bbox 610 201 669 233; x_wconf 87' lang='lat'>316.</span> <span class='ocrx_word' id='word_1_3' title='bbox 700 201 745 233; x_wconf 87' lang='lat' dir='ltr'><strong>De</strong></span> <span class='ocrx_word' id='word_1_4' title='bbox 764 199 874 232; x_wconf 81' lang='lat' dir='ltr'><strong>sancta.</strong></span> <span class='ocrx_word' id='word_1_5' title='bbox 893 197 1027 230; x_wconf 80' lang='lat' dir='ltr'><strong>Martha.</strong></span> 
     </span>
    </p>
   </div>
   <div class='ocr_carea' id='block_1_3' title="bbox 170 269 719 444">
    <p class='ocr_par' dir='ltr' id='par_1_3' title="bbox 170 269 719 444">
     <span class='ocr_line' id='line_1_3' title="bbox 170 269 719 310; baseline 0 -7"><span class='ocrx_word' id='word_1_6' title='bbox 170 271 200 305; x_wconf 88' lang='lat'><strong>1.</strong></span> <span class='ocrx_word' id='word_1_7' title='bbox 227 269 321 302; x_wconf 86' lang='lat' dir='ltr'><strong>Nunc</strong></span> <span class='ocrx_word' id='word_1_8' title='bbox 344 273 454 302; x_wconf 90' lang='lat' dir='ltr'><strong>sancte</strong></span> <span class='ocrx_word' id='word_1_9' title='bbox 476 270 568 302; x_wconf 89' lang='lat' dir='ltr'><strong>nobis</strong></span> <span class='ocrx_word' id='word_1_10' title='bbox 591 272 719 310; x_wconf 86' lang='lat' dir='ltr'><strong>spiritus</strong></span> 
     </span>
     <span class='ocr_line' id='line_1_4' title="bbox 227 316 646 350; baseline 0 -1"><span class='ocrx_word' id='word_1_11' title='bbox 227 317 279 349; x_wconf 85' lang='lat' dir='ltr'><strong>Da</strong></span> <span class='ocrx_word' id='word_1_12' title='bbox 303 320 336 349; x_wconf 89' lang='lat' dir='ltr'><strong>et</strong></span> <span class='ocrx_word' id='word_1_13' title='bbox 357 316 491 350; x_wconf 81' lang='lat' dir='ltr'><strong>infunde</strong></span> <span class='ocrx_word' id='word_1_14' title='bbox 516 319 646 349; x_wconf 87' lang='lat' dir='ltr'><strong>coelitus</strong></span> 
     </span>
     <span class='ocr_line' id='line_1_5' title="bbox 227 363 683 405; baseline 0.004 -10"><span class='ocrx_word' id='word_1_15' title='bbox 227 363 348 396; x_wconf 89' lang='lat' dir='ltr'><strong>Lumen</strong></span> <span class='ocrx_word' id='word_1_16' title='bbox 373 373 529 404; x_wconf 79' lang='lat' dir='ltr'>supernae</span> <span class='ocrx_word' id='word_1_17' title='bbox 553 365 683 405; x_wconf 84' lang='lat' dir='ltr'><strong>gratiae,</strong></span> 
     </span>
     <span class='ocr_line' id='line_1_6' title="bbox 226 411 620 444; baseline -0.005 0"><span class='ocrx_word' id='word_1_18' title='bbox 226 411 273 444; x_wconf 89' lang='lat' dir='ltr'><strong>Ut</strong></span> <span class='ocrx_word' id='word_1_19' title='bbox 299 411 502 443; x_wconf 82' lang='lat' dir='ltr'>collaetemur</span> <span class='ocrx_word' id='word_1_20' title='bbox 524 412 620 444; x_wconf 87' lang='lat' dir='ltr'><strong>hodie</strong></span> 
     </span>
    </p>
   </div>
   <div class='ocr_carea' id='block_1_4' title="bbox 168 466 709 646">
    <p class='ocr_par' dir='ltr' id='par_1_4' title="bbox 168 466 709 646">
     <span class='ocr_line' id='line_1_7' title="bbox 168 466 641 505; baseline -0.002 -6"><span class='ocrx_word' id='word_1_21' title='bbox 168 468 199 499; x_wconf 84' lang='lat'><strong>2.</strong></span> <span class='ocrx_word' id='word_1_22' title='bbox 226 467 264 500; x_wconf 89' lang='lat' dir='ltr'><strong>In</strong></span> <span class='ocrx_word' id='word_1_23' title='bbox 289 466 370 498; x_wconf 87' lang='lat' dir='ltr'><strong>festo</strong></span> <span class='ocrx_word' id='word_1_24' title='bbox 395 468 469 499; x_wconf 88' lang='lat' dir='ltr'><strong>talis</strong></span> <span class='ocrx_word' id='word_1_25' title='bbox 494 466 641 505; x_wconf 84' lang='lat' dir='ltr'><strong>famulae,</strong></span> 
     </span>
     <span class='ocr_line' id='line_1_8' title="bbox 228 512 707 555; baseline 0.002 -11"><span class='ocrx_word' id='word_1_26' title='bbox 228 513 313 551; x_wconf 76' lang='lat' dir='ltr'><strong>Quae</strong></span> <span class='ocrx_word' id='word_1_27' title='bbox 338 512 456 546; x_wconf 84' lang='lat' dir='ltr'><strong>Christi</strong></span> <span class='ocrx_word' id='word_1_28' title='bbox 478 514 553 555; x_wconf 85' lang='lat' dir='ltr'><strong>jugo</strong></span> <span class='ocrx_word' id='word_1_29' title='bbox 578 514 707 554; x_wconf 84' lang='lat' dir='ltr'><strong>regulae</strong></span> 
     </span>
     <span class='ocr_line' id='line_1_9' title="bbox 226 559 703 603; baseline 0 -11"><span class='ocrx_word' id='word_1_30' title='bbox 226 559 268 592; x_wconf 86' lang='lat' dir='ltr'><strong>Se</strong></span> <span class='ocrx_word' id='word_1_31' title='bbox 292 560 439 603; x_wconf 85' lang='lat' dir='ltr'><strong>subdens,</strong></span> <span class='ocrx_word' id='word_1_32' title='bbox 469 561 535 600; x_wconf 85' lang='lat' dir='ltr'><strong>ejus</strong></span> <span class='ocrx_word' id='word_1_33' title='bbox 561 561 703 592; x_wconf 90' lang='lat' dir='ltr'><strong>manibus</strong></span> 
     </span>
     <span class='ocr_line' id='line_1_10' title="bbox 227 607 709 646; baseline 0 -7"><span class='ocrx_word' id='word_1_34' title='bbox 227 607 359 646; x_wconf 72' lang='lat' dir='ltr'><strong>sepulta</strong></span> <span class='ocrx_word' id='word_1_35' title='bbox 385 611 433 639; x_wconf 85' lang='lat' dir='ltr'><strong>est</strong></span> <span class='ocrx_word' id='word_1_36' title='bbox 458 617 527 639; x_wconf 88' lang='lat' dir='ltr'><strong>cum</strong></span> <span class='ocrx_word' id='word_1_37' title='bbox 550 607 709 641; x_wconf 82' lang='lat' dir='ltr'><strong>laudibus,</strong></span> 
     </span>
    </p>
   </div>
   <div class='ocr_carea' id='block_1_5' title="bbox 850 266 1361 306">
    <p class='ocr_par' dir='ltr' id='par_1_5' title="bbox 850 266 1361 306">
     <span class='ocr_line' id='line_1_11' title="bbox 850 266 1361 306; baseline -0.016 -3"><span class='ocrx_word' id='word_1_38' title='bbox 850 270 880 303; x_wconf 84' lang='lat'><strong>3.</strong></span> <span class='ocrx_word' id='word_1_39' title='bbox 907 267 1033 300; x_wconf 82' lang='lat' dir='ltr'><strong>Laudes</strong></span> <span class='ocrx_word' id='word_1_40' title='bbox 1058 275 1131 306; x_wconf 88' lang='lat' dir='ltr'><strong>ergo</strong></span> <span class='ocrx_word' id='word_1_41' title='bbox 1156 266 1361 305; x_wconf 76' lang='lat' dir='ltr'><strong>personemus</strong></span> 
     </span>
    </p>
   </div>
   <div class='ocr_carea' id='block_1_6' title="bbox 905 313 1434 449">
    <p class='ocr_par' dir='ltr' id='par_1_6' title="bbox 905 313 1434 449">
     <span class='ocr_line' id='line_1_12' title="bbox 907 313 1414 348; baseline -0.008 -1"><span class='ocrx_word' id='word_1_42' title='bbox 907 316 945 348; x_wconf 89' lang='lat' dir='ltr'><strong>In</strong></span> <span class='ocrx_word' id='word_1_43' title='bbox 967 313 1048 346; x_wconf 87' lang='lat' dir='ltr'><strong>festo</strong></span> <span class='ocrx_word' id='word_1_44' title='bbox 1072 313 1221 346; x_wconf 82' lang='lat' dir='ltr'>Marthae</span> <span class='ocrx_word' id='word_1_45' title='bbox 1247 315 1277 344; x_wconf 91' lang='lat' dir='ltr'><strong>et</strong></span> <span class='ocrx_word' id='word_1_46' title='bbox 1304 313 1414 345; x_wconf 85' lang='lat' dir='ltr'><strong>demus</strong></span> 
     </span>
     <span class='ocr_line' id='line_1_13' title="bbox 905 360 1434 399; baseline -0.011 -4"><span class='ocrx_word' id='word_1_47' title='bbox 905 363 1009 395; x_wconf 82' lang='lat' dir='ltr'><strong>Voces</strong></span> <span class='ocrx_word' id='word_1_48' title='bbox 1032 363 1160 393; x_wconf 83' lang='lat' dir='ltr'><strong>nostras</strong></span> <span class='ocrx_word' id='word_1_49' title='bbox 1184 360 1227 393; x_wconf 85' lang='lat' dir='ltr'><strong>ad</strong></span> <span class='ocrx_word' id='word_1_50' title='bbox 1250 360 1434 399; x_wconf 82' lang='lat' dir='ltr'><strong>Dominum⁷</strong></span> 
     </span>
     <span class='ocr_line' id='line_1_14' title="bbox 906 408 1358 449; baseline -0.004 -8"><span class='ocrx_word' id='word_1_51' title='bbox 906 409 964 449; x_wconf 79' lang='lat' dir='ltr'><strong>Qui</strong></span> <span class='ocrx_word' id='word_1_52' title='bbox 990 411 1038 440; x_wconf 87' lang='lat' dir='ltr'><strong>est</strong></span> <span class='ocrx_word' id='word_1_53' title='bbox 1062 410 1188 440; x_wconf 86' lang='lat' dir='ltr'><strong>creator</strong></span> <span class='ocrx_word' id='word_1_54' title='bbox 1210 408 1358 439; x_wconf 90' lang='lat' dir='ltr'><strong>omnium.</strong></span> 
     </span>
    </p>
   </div>
   <div class='ocr_carea' id='block_1_7' title="bbox 846 464 1276 504">
    <p class='ocr_par' dir='ltr' id='par_1_7' title="bbox 846 464 1276 504">
     <span class='ocr_line' id='line_1_15' title="bbox 846 464 1276 504; baseline -0.009 -5"><span class='ocrx_word' id='word_1_55' title='bbox 846 467 878 499; x_wconf 78' lang='lat'><strong>4.</strong></span> <span class='ocrx_word' id='word_1_56' title='bbox 905 466 951 498; x_wconf 88' lang='lat' dir='ltr'><strong>Ut</strong></span> <span class='ocrx_word' id='word_1_57' title='bbox 974 465 1007 496; x_wconf 90' lang='lat' dir='ltr'><strong>in</strong></span> <span class='ocrx_word' id='word_1_58' title='bbox 1030 465 1096 504; x_wconf 85' lang='lat' dir='ltr'><strong>ejus</strong></span> <span class='ocrx_word' id='word_1_59' title='bbox 1122 464 1276 496; x_wconf 85' lang='lat' dir='ltr'><strong>solemnia</strong></span> 
     </span>
    </p>
   </div>
   <div class='ocr_carea' id='block_1_8' title="bbox 905 511 1403 646">
    <p class='ocr_par' dir='ltr' id='par_1_8' title="bbox 905 511 1403 646">
     <span class='ocr_line' id='line_1_16' title="bbox 905 511 1301 554; baseline -0.005 -10"><span class='ocrx_word' id='word_1_60' title='bbox 905 513 969 544; x_wconf 90' lang='lat' dir='ltr'><strong>Det</strong></span> <span class='ocrx_word' id='word_1_61' title='bbox 997 511 1089 544; x_wconf 88' lang='lat' dir='ltr'><strong>nobis</strong></span> <span class='ocrx_word' id='word_1_62' title='bbox 1113 511 1301 554; x_wconf 77' lang='lat' dir='ltr'><strong>patrocinia,</strong></span> 
     </span>
     <span class='ocr_line' id='line_1_17' title="bbox 907 557 1403 593; baseline -0.006 -2"><span class='ocrx_word' id='word_1_63' title='bbox 907 559 1056 593; x_wconf 75' lang='lat' dir='ltr'><strong>Marthae</strong></span> <span class='ocrx_word' id='word_1_64' title='bbox 1080 559 1234 591; x_wconf 85' lang='lat' dir='ltr'><strong>sectando</strong></span> <span class='ocrx_word' id='word_1_65' title='bbox 1260 557 1403 590; x_wconf 81' lang='lat' dir='ltr'><strong>semitam</strong></span> 
     </span>
     <span class='ocr_line' id='line_1_18' title="bbox 909 604 1398 646; baseline -0.008 -6"><span class='ocrx_word' id='word_1_66' title='bbox 909 607 1146 646; x_wconf 72' lang='lat' dir='ltr'><strong>consequamur</strong></span> <span class='ocrx_word' id='word_1_67' title='bbox 1166 614 1276 638; x_wconf 82' lang='lat' dir='ltr'><strong>veram</strong></span> <span class='ocrx_word' id='word_1_68' title='bbox 1300 604 1398 637; x_wconf 80' lang='lat' dir='ltr'><strong>vitam</strong></span> 
     </span>
    </p>
   </div>
   <div class='ocr_carea' id='block_1_9' title="bbox 508 664 1024 837">
    <p class='ocr_par' dir='ltr' id='par_1_9' title="bbox 508 664 1024 837">
     <span class='ocr_line' id='line_1_19' title="bbox 508 664 1017 703; baseline -0.006 -6"><span class='ocrx_word' id='word_1_69' title='bbox 508 666 538 697; x_wconf 89' lang='lat'><strong>5.</strong></span> <span class='ocrx_word' id='word_1_70' title='bbox 565 665 712 696; x_wconf 77' lang='lat' dir='ltr'><strong>Praestet</strong></span> <span class='ocrx_word' id='word_1_71' title='bbox 733 666 826 702; x_wconf 88' lang='lat' dir='ltr'><strong>pater</strong></span> <span class='ocrx_word' id='word_1_72' title='bbox 849 664 1017 703; x_wconf 84' lang='lat' dir='ltr'><strong>ingenitus,</strong></span> 
     </span>
     <span class='ocr_line' id='line_1_20' title="bbox 560 710 967 749; baseline 0 -7"><span class='ocrx_word' id='word_1_73' title='bbox 560 710 625 742; x_wconf 84' lang='lat' dir='ltr'><strong>Det</strong></span> <span class='ocrx_word' id='word_1_74' title='bbox 649 713 682 741; x_wconf 87' lang='lat' dir='ltr'><strong>et</strong></span> <span class='ocrx_word' id='word_1_75' title='bbox 704 711 765 741; x_wconf 89' lang='lat' dir='ltr'><strong>hoc</strong></span> <span class='ocrx_word' id='word_1_76' title='bbox 788 711 967 749; x_wconf 81' lang='lat' dir='ltr'><strong>unigenitus</strong></span> 
     </span>
     <span class='ocr_line' id='line_1_21' title="bbox 563 756 960 796; baseline -0.003 -7"><span class='ocrx_word' id='word_1_77' title='bbox 563 757 640 789; x_wconf 89' lang='lat' dir='ltr'><strong>Cum</strong></span> <span class='ocrx_word' id='word_1_78' title='bbox 665 756 779 796; x_wconf 86' lang='lat' dir='ltr'><strong>spiritu</strong></span> <span class='ocrx_word' id='word_1_79' title='bbox 805 757 960 796; x_wconf 76' lang='lat' dir='ltr'><strong>paraclito</strong></span> 
     </span>
     <span class='ocr_line' id='line_1_22' title="bbox 561 802 1024 837; baseline 0.004 -2"><span class='ocrx_word' id='word_1_80' title='bbox 561 805 599 836; x_wconf 89' lang='lat' dir='ltr'><strong>In</strong></span> <span class='ocrx_word' id='word_1_81' title='bbox 622 803 771 835; x_wconf 81' lang='lat' dir='ltr'><strong>Marthae</strong></span> <span class='ocrx_word' id='word_1_82' title='bbox 796 802 878 835; x_wconf 83' lang='lat' dir='ltr'><strong>festo</strong></span> <span class='ocrx_word' id='word_1_83' title='bbox 902 803 1024 837; x_wconf 90' lang='lat' dir='ltr'><strong>inclito.</strong></span> 
     </span>
    </p>
   </div>
   <div class='ocr_carea' id='block_1_10' title="bbox 242 865 1178 895">
    <p class='ocr_par' dir='ltr' id='par_1_10' title="bbox 242 865 1178 895">
     <span class='ocr_line' id='line_1_23' title="bbox 242 865 1178 895; baseline -0.001 0"><span class='ocrx_word' id='word_1_84' title='bbox 242 868 326 895; x_wconf 85' lang='lat' dir='ltr'><strong>Brev.</strong></span> <span class='ocrx_word' id='word_1_85' title='bbox 347 876 399 894; x_wconf 88' lang='lat' dir='ltr'><strong>ms.</strong></span> <span class='ocrx_word' id='word_1_86' title='bbox 422 867 601 895; x_wconf 80' lang='lat' dir='ltr'><strong>Civitatense</strong></span> <span class='ocrx_word' id='word_1_87' title='bbox 621 875 695 894; x_wconf 86' lang='lat' dir='ltr'><strong>saec.</strong></span> <span class='ocrx_word' id='word_1_88' title='bbox 717 865 761 894; x_wconf 87' lang='lat'><strong>15.</strong></span> <span class='ocrx_word' id='word_1_89' title='bbox 803 867 871 895; x_wconf 90' lang='lat' dir='ltr'><strong>Cod.</strong></span> <span class='ocrx_word' id='word_1_90' title='bbox 890 868 1032 895; x_wconf 83' lang='lat' dir='ltr'><strong>Marcian.</strong></span> <span class='ocrx_word' id='word_1_91' title='bbox 1052 868 1079 895; x_wconf 90' lang='lat' dir='ltr'>L</span> <span class='ocrx_word' id='word_1_92' title='bbox 1097 867 1114 894; x_wconf 92' lang='grc' dir='ltr'>Ι</span> <span class='ocrx_word' id='word_1_93' title='bbox 1132 865 1178 895; x_wconf 82' lang='grc'><strong>85.</strong></span> 
     </span>
    </p>
   </div>
   <div class='ocr_carea' id='block_1_11' title="bbox 596 966 1014 998">
    <p class='ocr_par' dir='ltr' id='par_1_11' title="bbox 596 966 1014 998">
     <span class='ocr_line' id='line_1_24' title="bbox 596 966 1014 998; baseline -0.002 -1"><span class='ocrx_word' id='word_1_94' title='bbox 596 966 655 997; x_wconf 75' lang='lat'><strong>317.</strong></span> <span class='ocrx_word' id='word_1_95' title='bbox 685 968 729 998; x_wconf 79' lang='lat' dir='ltr'><strong>Dc</strong></span> <span class='ocrx_word' id='word_1_96' title='bbox 749 968 860 998; x_wconf 80' lang='lat' dir='ltr'><strong>sancta</strong></span> <span class='ocrx_word' id='word_1_97' title='bbox 878 966 1014 997; x_wconf 73' lang='lat' dir='ltr'><strong>Martha.</strong></span> 
     </span>
    </p>
   </div>
   <div class='ocr_carea' id='block_1_12' title="bbox 683 1033 941 1064">
    <p class='ocr_par' dir='ltr' id='par_1_12' title="bbox 683 1033 941 1064">
     <span class='ocr_line' id='line_1_25' title="bbox 683 1033 941 1064; baseline -0.008 -1"><span class='ocrx_word' id='word_1_98' title='bbox 683 1033 732 1063; x_wconf 82' lang='lat' dir='ltr'><strong>Ad</strong></span> <span class='ocrx_word' id='word_1_99' title='bbox 750 1033 941 1064; x_wconf 82' lang='lat' dir='ltr'><strong>Nocturnum.</strong></span> 
     </span>
    </p>
   </div>
   <div class='ocr_carea' id='block_1_13' title="bbox 162 1101 1295 1145">
    <p class='ocr_par' dir='ltr' id='par_1_13' title="bbox 162 1101 1295 1145">
     <span class='ocr_line' id='line_1_26' title="bbox 162 1101 1295 1145; baseline 0 -11"><span class='ocrx_word' id='word_1_100' title='bbox 162 1103 192 1134; x_wconf 83' lang='lat'><strong>1.</strong></span> <span class='ocrx_word' id='word_1_101' title='bbox 221 1101 354 1145; x_wconf 77' lang='lat' dir='ltr'><strong>Christe,</strong></span> <span class='ocrx_word' id='word_1_102' title='bbox 388 1102 440 1141; x_wconf 85' lang='lat' dir='ltr'><strong>qui</strong></span> <span class='ocrx_word' id='word_1_103' title='bbox 464 1101 612 1134; x_wconf 83' lang='lat' dir='ltr'><strong>Marthae</strong></span> <span class='ocrx_word' id='word_1_104' title='bbox 636 1102 784 1142; x_wconf 84' lang='lat' dir='ltr'><strong>precibus</strong></span> <span class='ocrx_word' id='word_1_105' title='bbox 841 1103 872 1136; x_wconf 84' lang='lat'><strong>4.</strong></span> <span class='ocrx_word' id='word_1_106' title='bbox 898 1102 981 1134; x_wconf 83' lang='lat' dir='ltr'><strong>Nam</strong></span> <span class='ocrx_word' id='word_1_107' title='bbox 1005 1102 1133 1143; x_wconf 84' lang='lat' dir='ltr'><strong>hospita</strong></span> <span class='ocrx_word' id='word_1_108' title='bbox 1157 1101 1295 1134; x_wconf 82' lang='lat' dir='ltr'><strong>sollicita</strong></span> 
     </span>
    </p>
   </div>
   <div class='ocr_carea' id='block_1_14' title="bbox 218 1148 694 1283">
    <p class='ocr_par' dir='ltr' id='par_1_14' title="bbox 218 1148 694 1283">
     <span class='ocr_line' id='line_1_27' title="bbox 219 1148 595 1181; baseline 0 -1"><span class='ocrx_word' id='word_1_109' title='bbox 219 1148 262 1180; x_wconf 89' lang='lat' dir='ltr'><strong>Et</strong></span> <span class='ocrx_word' id='word_1_110' title='bbox 289 1148 407 1180; x_wconf 87' lang='lat' dir='ltr'><strong>sororis</strong></span> <span class='ocrx_word' id='word_1_111' title='bbox 433 1149 595 1181; x_wconf 84' lang='lat' dir='ltr'><strong>obtutibus</strong></span> 
     </span>
     <span class='ocr_line' id='line_1_28' title="bbox 219 1195 619 1234; baseline 0 -7"><span class='ocrx_word' id='word_1_112' title='bbox 219 1195 427 1227; x_wconf 85' lang='lat' dir='ltr'><strong>Resuscitasti</strong></span> <span class='ocrx_word' id='word_1_113' title='bbox 451 1196 619 1234; x_wconf 85' lang='lat' dir='ltr'><strong>Lazarum,</strong></span> 
     </span>
     <span class='ocr_line' id='line_1_29' title="bbox 218 1241 694 1283; baseline 0.004 -9"><span class='ocrx_word' id='word_1_114' title='bbox 218 1241 346 1275; x_wconf 84' lang='lat' dir='ltr'><strong>Exaudi</strong></span> <span class='ocrx_word' id='word_1_115' title='bbox 370 1251 481 1281; x_wconf 86' lang='lat' dir='ltr'><strong>preces</strong></span> <span class='ocrx_word' id='word_1_116' title='bbox 507 1243 694 1283; x_wconf 86' lang='lat' dir='ltr'><strong>supplicum.</strong></span> 
     </span>
    </p>
   </div>
   <div class='ocr_carea' id='block_1_15' title="bbox 160 1298 722 1473">
    <p class='ocr_par' dir='ltr' id='par_1_15' title="bbox 160 1298 722 1473">
     <span class='ocr_line' id='line_1_30' title="bbox 160 1298 722 1338; baseline 0.004 -8"><span class='ocrx_word' id='word_1_117' title='bbox 160 1300 191 1331; x_wconf 84' lang='lat'><strong>2.</strong></span> <span class='ocrx_word' id='word_1_118' title='bbox 218 1298 329 1331; x_wconf 80' lang='lat' dir='ltr'><strong>Noctis</strong></span> <span class='ocrx_word' id='word_1_119' title='bbox 354 1302 481 1331; x_wconf 89' lang='lat' dir='ltr'><strong>nostrae</strong></span> <span class='ocrx_word' id='word_1_120' title='bbox 506 1300 559 1338; x_wconf 87' lang='lat' dir='ltr'><strong>qui</strong></span> <span class='ocrx_word' id='word_1_121' title='bbox 583 1300 722 1332; x_wconf 86' lang='lat' dir='ltr'><strong>tenebris</strong></span> 
     </span>
     <span class='ocr_line' id='line_1_31' title="bbox 221 1345 644 1388; baseline 0 -10"><span class='ocrx_word' id='word_1_122' title='bbox 221 1345 384 1386; x_wconf 83' lang='lat' dir='ltr'><strong>Surgimus</strong></span> <span class='ocrx_word' id='word_1_123' title='bbox 410 1346 450 1377; x_wconf 91' lang='lat' dir='ltr'><strong>ab</strong></span> <span class='ocrx_word' id='word_1_124' title='bbox 474 1346 644 1388; x_wconf 80' lang='lat' dir='ltr'><strong>illecebris,</strong></span> 
     </span>
     <span class='ocr_line' id='line_1_32' title="bbox 217 1392 598 1433; baseline 0 -8"><span class='ocrx_word' id='word_1_125' title='bbox 217 1392 374 1432; x_wconf 87' lang='lat' dir='ltr'><strong>Hospitae</strong></span> <span class='ocrx_word' id='word_1_126' title='bbox 400 1396 473 1425; x_wconf 90' lang='lat' dir='ltr'><strong>tuae</strong></span> <span class='ocrx_word' id='word_1_127' title='bbox 497 1393 598 1433; x_wconf 85' lang='lat' dir='ltr'><strong>gloria</strong></span> 
     </span>
     <span class='ocr_line' id='line_1_33' title="bbox 221 1440 576 1473; baseline -0.008 0"><span class='ocrx_word' id='word_1_128' title='bbox 221 1440 391 1473; x_wconf 87' lang='lat' dir='ltr'><strong>Celebrare</strong></span> <span class='ocrx_word' id='word_1_129' title='bbox 414 1441 576 1472; x_wconf 85' lang='lat' dir='ltr'><strong>solemnia.</strong></span> 
     </span>
    </p>
   </div>
   <div class='ocr_carea' id='block_1_16' title="bbox 160 1496 709 1675">
    <p class='ocr_par' dir='ltr' id='par_1_16' title="bbox 160 1496 709 1675">
     <span class='ocr_line' id='line_1_34' title="bbox 160 1496 627 1536; baseline 0.002 -9"><span class='ocrx_word' id='word_1_130' title='bbox 160 1496 191 1527; x_wconf 85' lang='lat'><strong>3.</strong></span> <span class='ocrx_word' id='word_1_131' title='bbox 216 1496 365 1527; x_wconf 87' lang='lat' dir='ltr'><strong>Sororum</strong></span> <span class='ocrx_word' id='word_1_132' title='bbox 391 1497 443 1535; x_wconf 84' lang='lat' dir='ltr'><strong>qui</strong></span> <span class='ocrx_word' id='word_1_133' title='bbox 469 1498 627 1536; x_wconf 85' lang='lat' dir='ltr'><strong>tugurium</strong></span> 
     </span>
     <span class='ocr_line' id='line_1_35' title="bbox 215 1542 555 1584; baseline 0.003 -11"><span class='ocrx_word' id='word_1_134' title='bbox 215 1542 351 1582; x_wconf 83' lang='lat' dir='ltr'><strong>Elegisti</strong></span> <span class='ocrx_word' id='word_1_135' title='bbox 375 1543 555 1584; x_wconf 88' lang='lat' dir='ltr'><strong>hospitium,</strong></span> 
     </span>
     <span class='ocr_line' id='line_1_36' title="bbox 219 1589 709 1629; baseline 0 -8"><span class='ocrx_word' id='word_1_136' title='bbox 219 1589 354 1629; x_wconf 83' lang='lat' dir='ltr'><strong>Signans</strong></span> <span class='ocrx_word' id='word_1_137' title='bbox 377 1598 436 1628; x_wconf 87' lang='lat' dir='ltr'><strong>per</strong></span> <span class='ocrx_word' id='word_1_138' title='bbox 459 1591 517 1621; x_wconf 85' lang='lat' dir='ltr'><strong>has</strong></span> <span class='ocrx_word' id='word_1_139' title='bbox 544 1590 709 1621; x_wconf 84' lang='lat' dir='ltr'><strong>ecclesiam</strong></span> 
     </span>
     <span class='ocr_line' id='line_1_37' title="bbox 217 1635 639 1675; baseline 0.002 -7"><span class='ocrx_word' id='word_1_140' title='bbox 217 1636 371 1668; x_wconf 85' lang='lat' dir='ltr'><strong>Futuram</strong></span> <span class='ocrx_word' id='word_1_141' title='bbox 396 1635 466 1667; x_wconf 86' lang='lat' dir='ltr'><strong>fore</strong></span> <span class='ocrx_word' id='word_1_142' title='bbox 490 1637 639 1675; x_wconf 88' lang='lat' dir='ltr'><strong>typicam.</strong></span> 
     </span>
    </p>
   </div>
   <div class='ocr_carea' id='block_1_17' title="bbox 898 1149 1352 1285">
    <p class='ocr_par' dir='ltr' id='par_1_17' title="bbox 898 1149 1352 1285">
     <span class='ocr_line' id='line_1_38' title="bbox 899 1149 1226 1189; baseline 0.006 -9"><span class='ocrx_word' id='word_1_143' title='bbox 899 1149 987 1189; x_wconf 83' lang='lat' dir='ltr'><strong>Erga</strong></span> <span class='ocrx_word' id='word_1_144' title='bbox 1013 1149 1074 1181; x_wconf 91' lang='lat' dir='ltr'><strong>cibi</strong></span> <span class='ocrx_word' id='word_1_145' title='bbox 1099 1150 1226 1189; x_wconf 86' lang='lat' dir='ltr'><strong>negotia</strong></span> 
     </span>
     <span class='ocr_line' id='line_1_39' title="bbox 898 1196 1346 1236; baseline 0.002 -9"><span class='ocrx_word' id='word_1_146' title='bbox 898 1196 944 1228; x_wconf 87' lang='lat' dir='ltr'><strong>Et</strong></span> <span class='ocrx_word' id='word_1_147' title='bbox 968 1205 1058 1228; x_wconf 86' lang='lat' dir='ltr'><strong>soror</strong></span> <span class='ocrx_word' id='word_1_148' title='bbox 1082 1197 1181 1236; x_wconf 86' lang='lat' dir='ltr'><strong>pedes</strong></span> <span class='ocrx_word' id='word_1_149' title='bbox 1205 1196 1346 1228; x_wconf 84' lang='lat' dir='ltr'><strong>lacrimis</strong></span> 
     </span>
     <span class='ocr_line' id='line_1_40' title="bbox 899 1243 1352 1285; baseline 0 -10"><span class='ocrx_word' id='word_1_150' title='bbox 899 1243 1031 1285; x_wconf 84' lang='lat' dir='ltr'><strong>Rigavit</strong></span> <span class='ocrx_word' id='word_1_151' title='bbox 1052 1247 1139 1276; x_wconf 89' lang='lat' dir='ltr'><strong>stans</strong></span> <span class='ocrx_word' id='word_1_152' title='bbox 1163 1244 1198 1276; x_wconf 88' lang='lat' dir='ltr'><strong>in</strong></span> <span class='ocrx_word' id='word_1_153' title='bbox 1221 1244 1352 1276; x_wconf 86' lang='lat' dir='ltr'><strong>intimis.</strong></span> 
     </span>
    </p>
   </div>
   <div class='ocr_carea' id='block_1_18' title="bbox 866 1300 1393 1343">
    <p class='ocr_par' dir='ltr' id='par_1_18' title="bbox 866 1300 1393 1343">
     <span class='ocr_line' id='line_1_41' title="bbox 866 1300 1393 1343; baseline 0 -11"><span class='ocrx_word' id='word_1_154' title='bbox 866 1324 872 1331; x_wconf 95' lang='lat'><strong>.</strong></span> <span class='ocrx_word' id='word_1_155' title='bbox 899 1301 963 1332; x_wconf 88' lang='lat' dir='ltr'><strong>Per</strong></span> <span class='ocrx_word' id='word_1_156' title='bbox 988 1300 1044 1332; x_wconf 90' lang='lat' dir='ltr'><strong>has</strong></span> <span class='ocrx_word' id='word_1_157' title='bbox 1072 1300 1223 1341; x_wconf 83' lang='lat' dir='ltr'><strong>dignaris,</strong></span> <span class='ocrx_word' id='word_1_158' title='bbox 1246 1300 1393 1343; x_wconf 77' lang='lat' dir='ltr'><strong>Domine,</strong></span> 
     </span>
    </p>
   </div>
   <div class='ocr_carea' id='block_1_19' title="bbox 898 1347 1377 1483">
    <p class='ocr_par' dir='ltr' id='par_1_19' title="bbox 898 1347 1377 1483">
     <span class='ocr_line' id='line_1_42' title="bbox 899 1347 1314 1389; baseline 0 -10"><span class='ocrx_word' id='word_1_159' title='bbox 899 1347 988 1379; x_wconf 87' lang='lat' dir='ltr'><strong>Duas</strong></span> <span class='ocrx_word' id='word_1_160' title='bbox 1013 1348 1096 1380; x_wconf 82' lang='lat' dir='ltr'><strong>vitas</strong></span> <span class='ocrx_word' id='word_1_161' title='bbox 1123 1349 1314 1389; x_wconf 84' lang='lat' dir='ltr'><strong>exprimere,</strong></span> 
     </span>
     <span class='ocr_line' id='line_1_43' title="bbox 900 1395 1273 1427; baseline 0.003 -1"><span class='ocrx_word' id='word_1_162' title='bbox 900 1395 948 1426; x_wconf 88' lang='lat' dir='ltr'><strong>Tu</strong></span> <span class='ocrx_word' id='word_1_163' title='bbox 973 1395 1064 1426; x_wconf 89' lang='lat' dir='ltr'><strong>nobis</strong></span> <span class='ocrx_word' id='word_1_164' title='bbox 1091 1404 1143 1427; x_wconf 86' lang='lat' dir='ltr'><strong>eas</strong></span> <span class='ocrx_word' id='word_1_165' title='bbox 1168 1395 1273 1427; x_wconf 85' lang='lat' dir='ltr'><strong>tribue</strong></span> 
     </span>
     <span class='ocr_line' id='line_1_44' title="bbox 898 1443 1377 1483; baseline 0.002 -9"><span class='ocrx_word' id='word_1_166' title='bbox 898 1443 1023 1474; x_wconf 88' lang='lat' dir='ltr'><strong>Tenere</strong></span> <span class='ocrx_word' id='word_1_167' title='bbox 1047 1445 1153 1474; x_wconf 88' lang='lat' dir='ltr'><strong>mente</strong></span> <span class='ocrx_word' id='word_1_168' title='bbox 1178 1446 1210 1475; x_wconf 88' lang='lat' dir='ltr'><strong>et</strong></span> <span class='ocrx_word' id='word_1_169' title='bbox 1235 1451 1377 1483; x_wconf 88' lang='lat' dir='ltr'><strong>corpore.</strong></span> 
     </span>
    </p>
   </div>
   <div class='ocr_carea' id='block_1_20' title="bbox 848 1498 1320 1531">
    <p class='ocr_par' dir='ltr' id='par_1_20' title="bbox 848 1498 1320 1531">
     <span class='ocr_line' id='line_1_45' title="bbox 848 1498 1320 1531; baseline -0.002 0"><span class='ocrx_word' id='word_1_170' title='bbox 848 1498 872 1531; x_wconf 68' lang='lat'><strong>².</strong></span> <span class='ocrx_word' id='word_1_171' title='bbox 898 1498 1020 1530; x_wconf 80' lang='lat' dir='ltr'><strong>Taliter</strong></span> <span class='ocrx_word' id='word_1_172' title='bbox 1044 1508 1128 1531; x_wconf 88' lang='lat' dir='ltr'><strong>nunc</strong></span> <span class='ocrx_word' id='word_1_173' title='bbox 1153 1500 1320 1531; x_wconf 85' lang='lat' dir='ltr'><strong>terrestria</strong></span> 
     </span>
    </p>
   </div>
   <div class='ocr_carea' id='block_1_21' title="bbox 899 1545 1396 1679">
    <p class='ocr_par' dir='ltr' id='par_1_21' title="bbox 899 1545 1396 1679">
     <span class='ocr_line' id='line_1_46' title="bbox 900 1545 1332 1589; baseline 0.005 -13"><span class='ocrx_word' id='word_1_174' title='bbox 900 1545 1092 1577; x_wconf 86' lang='lat' dir='ltr'><strong>Tractentur</strong></span> <span class='ocrx_word' id='word_1_175' title='bbox 1117 1549 1148 1577; x_wconf 90' lang='lat' dir='ltr'><strong>et</strong></span> <span class='ocrx_word' id='word_1_176' title='bbox 1174 1547 1332 1589; x_wconf 80' lang='lat' dir='ltr'><strong>coelestia,</strong></span> 
     </span>
     <span class='ocr_line' id='line_1_47' title="bbox 899 1591 1315 1626; baseline 0.005 -4"><span class='ocrx_word' id='word_1_177' title='bbox 899 1591 1002 1623; x_wconf 84' lang='lat' dir='ltr'><strong>Nobis</strong></span> <span class='ocrx_word' id='word_1_178' title='bbox 1027 1593 1113 1624; x_wconf 83' lang='lat' dir='ltr'><strong>adsit</strong></span> <span class='ocrx_word' id='word_1_179' title='bbox 1135 1594 1169 1624; x_wconf 87' lang='lat' dir='ltr'><strong>in</strong></span> <span class='ocrx_word' id='word_1_180' title='bbox 1196 1593 1315 1626; x_wconf 81' lang='lat' dir='ltr'><strong>exitum</strong></span> 
     </span>
     <span class='ocr_line' id='line_1_48' title="bbox 900 1639 1396 1679; baseline 0.006 -10"><span class='ocrx_word' id='word_1_181' title='bbox 900 1639 1094 1670; x_wconf 88' lang='lat' dir='ltr'><strong>Promissum</strong></span> <span class='ocrx_word' id='word_1_182' title='bbox 1121 1640 1215 1679; x_wconf 86' lang='lat' dir='ltr'><strong>digne</strong></span> <span class='ocrx_word' id='word_1_183' title='bbox 1238 1641 1396 1673; x_wconf 89' lang='lat' dir='ltr'><strong>meritum.</strong></span> 
     </span>
    </p>
   </div>
   <div class='ocr_carea' id='block_1_22' title="bbox 500 1693 1038 1872">
    <p class='ocr_par' dir='ltr' id='par_1_22' title="bbox 500 1693 1038 1872">
     <span class='ocr_line' id='line_1_49' title="bbox 500 1693 1038 1735; baseline 0.004 -12"><span class='ocrx_word' id='word_1_184' title='bbox 500 1693 518 1723; x_wconf 82' lang='lat'><strong>7</strong></span> <span class='ocrx_word' id='word_1_185' title='bbox 524 1715 532 1721; x_wconf 88' lang='lat'><strong>.</strong></span> <span class='ocrx_word' id='word_1_186' title='bbox 559 1693 700 1730; x_wconf 79' lang='lat' dir='ltr'><strong>Praesta,</strong></span> <span class='ocrx_word' id='word_1_187' title='bbox 726 1695 828 1735; x_wconf 80' lang='lat' dir='ltr'><strong>pater,</strong></span> <span class='ocrx_word' id='word_1_188' title='bbox 854 1702 913 1732; x_wconf 86' lang='lat' dir='ltr'><strong>per</strong></span> <span class='ocrx_word' id='word_1_189' title='bbox 937 1693 1038 1725; x_wconf 84' lang='lat' dir='ltr'><strong>filium</strong></span> 
     </span>
     <span class='ocr_line' id='line_1_50' title="bbox 555 1738 976 1781; baseline 0.007 -12"><span class='ocrx_word' id='word_1_190' title='bbox 555 1738 656 1770; x_wconf 81' lang='lat' dir='ltr'><strong>Nobis</strong></span> <span class='ocrx_word' id='word_1_191' title='bbox 680 1742 767 1770; x_wconf 91' lang='lat' dir='ltr'><strong>tuum</strong></span> <span class='ocrx_word' id='word_1_192' title='bbox 791 1740 976 1781; x_wconf 85' lang='lat' dir='ltr'><strong>subsidium,</strong></span> 
     </span>
     <span class='ocr_line' id='line_1_51' title="bbox 556 1786 1003 1826; baseline 0.002 -9"><span class='ocrx_word' id='word_1_193' title='bbox 556 1786 619 1818; x_wconf 90' lang='lat' dir='ltr'><strong>Per</strong></span> <span class='ocrx_word' id='word_1_194' title='bbox 642 1786 830 1825; x_wconf 88' lang='lat' dir='ltr'><strong>paraclitum</strong></span> <span class='ocrx_word' id='word_1_195' title='bbox 855 1788 1003 1826; x_wconf 88' lang='lat' dir='ltr'><strong>spiritum</strong></span> 
     </span>
     <span class='ocr_line' id='line_1_52' title="bbox 557 1833 978 1872; baseline 0.007 -7"><span class='ocrx_word' id='word_1_196' title='bbox 557 1833 751 1872; x_wconf 85' lang='lat' dir='ltr'><strong>Angelorum</strong></span> <span class='ocrx_word' id='word_1_197' title='bbox 777 1835 978 1868; x_wconf 84' lang='lat' dir='ltr'><strong>consortium.</strong></span> 
     </span>
    </p>
   </div>
   <div class='ocr_carea' id='block_1_23' title="bbox 154 1895 1466 2048">
    <p class='ocr_par' dir='ltr' id='par_1_23' title="bbox 154 1895 1466 2048">
     <span class='ocr_line' id='line_1_53' title="bbox 233 1895 1466 1935; baseline 0.008 -12"><span class='ocrx_word' id='word_1_198' title='bbox 233 1896 318 1924; x_wconf 87' lang='lat' dir='ltr'><strong>Brev.</strong></span> <span class='ocrx_word' id='word_1_199' title='bbox 339 1905 392 1924; x_wconf 88' lang='lat' dir='ltr'><strong>ms.</strong></span> <span class='ocrx_word' id='word_1_200' title='bbox 413 1897 645 1925; x_wconf 82' lang='lat' dir='ltr'><strong>Humiliatorum</strong></span> <span class='ocrx_word' id='word_1_201' title='bbox 665 1906 739 1925; x_wconf 90' lang='lat' dir='ltr'><strong>saec.</strong></span> <span class='ocrx_word' id='word_1_202' title='bbox 763 1895 806 1925; x_wconf 84' lang='lat'><strong>15.</strong></span> <span class='ocrx_word' id='word_1_203' title='bbox 848 1897 916 1926; x_wconf 88' lang='lat' dir='ltr'><strong>Cod.</strong></span> <span class='ocrx_word' id='word_1_204' title='bbox 938 1900 1070 1928; x_wconf 84' lang='lat' dir='ltr'><strong>Vatican.</strong></span> <span class='ocrx_word' id='word_1_205' title='bbox 1093 1899 1176 1929; x_wconf 84' lang='lat'><strong>9217.</strong></span> <span class='ocrx_word' id='word_1_206' title='bbox 1197 1904 1231 1931; x_wconf 90' lang='grc' dir='ltr'><strong>Α.</strong></span> <span class='ocrx_word' id='word_1_207' title='bbox 1256 1918 1291 1922; x_wconf 86' lang='grc'>-</span> <span class='ocrx_word' id='word_1_208' title='bbox 1305 1905 1390 1932; x_wconf 84' lang='lat' dir='ltr'><strong>Brev.</strong></span> <span class='ocrx_word' id='word_1_209' title='bbox 1411 1916 1466 1935; x_wconf 87' lang='lat' dir='ltr'><strong>ms.</strong></span> 
     </span>
     <span class='ocr_line' id='line_1_54' title="bbox 155 1933 1466 1972; baseline 0.008 -11"><span class='ocrx_word' id='word_1_210' title='bbox 155 1934 385 1963; x_wconf 87' lang='lat' dir='ltr'><strong>Humiliatorum</strong></span> <span class='ocrx_word' id='word_1_211' title='bbox 415 1943 490 1963; x_wconf 83' lang='lat' dir='ltr'><strong>saec.</strong></span> <span class='ocrx_word' id='word_1_212' title='bbox 514 1933 557 1962; x_wconf 83' lang='lat'><strong>15.</strong></span> <span class='ocrx_word' id='word_1_213' title='bbox 606 1935 674 1962; x_wconf 84' lang='lat' dir='ltr'><strong>Cod.</strong></span> <span class='ocrx_word' id='word_1_214' title='bbox 703 1936 930 1964; x_wconf 86' lang='lat' dir='ltr'><strong>Ambrosianum</strong></span> <span class='ocrx_word' id='word_1_215' title='bbox 962 1937 978 1965; x_wconf 89' lang='lat'>1</span> <span class='ocrx_word' id='word_1_216' title='bbox 1014 1937 1068 1966; x_wconf 82' lang='grc'><strong>197</strong></span> <span class='ocrx_word' id='word_1_217' title='bbox 1097 1940 1150 1967; x_wconf 76' lang='lat' dir='ltr'><strong>inf.</strong></span> <span class='ocrx_word' id='word_1_218' title='bbox 1175 1941 1208 1968; x_wconf 91' lang='lat' dir='ltr'><strong>B.</strong></span> <span class='ocrx_word' id='word_1_219' title='bbox 1236 1955 1272 1960; x_wconf 85' lang='lat'><strong>—</strong></span> <span class='ocrx_word' id='word_1_220' title='bbox 1298 1943 1384 1971; x_wconf 83' lang='lat' dir='ltr'><strong>Brev.</strong></span> <span class='ocrx_word' id='word_1_221' title='bbox 1410 1954 1466 1972; x_wconf 84' lang='lat' dir='ltr'><strong>ms.</strong></span> 
     </span>
     <span class='ocr_line' id='line_1_55' title="bbox 156 1972 1465 2013; baseline 0.008 -15"><span class='ocrx_word' id='word_1_222' title='bbox 156 1972 386 2000; x_wconf 84' lang='lat' dir='ltr'><strong>Humiliatorum</strong></span> <span class='ocrx_word' id='word_1_223' title='bbox 409 1981 484 2000; x_wconf 88' lang='lat' dir='ltr'><strong>saec.</strong></span> <span class='ocrx_word' id='word_1_224' title='bbox 508 1972 551 2000; x_wconf 88' lang='lat'><strong>15.</strong></span> <span class='ocrx_word' id='word_1_225' title='bbox 588 1973 858 2001; x_wconf 85' lang='lat' dir='ltr'><strong>Cod.A1nbrosian.</strong></span> <span class='ocrx_word' id='word_1_226' title='bbox 876 1974 907 2001; x_wconf 88' lang='lat' dir='ltr'>H</span> <span class='ocrx_word' id='word_1_227' title='bbox 927 1973 983 2002; x_wconf 84' lang='lat'><strong>267</strong></span> <span class='ocrx_word' id='word_1_228' title='bbox 1003 1977 1053 2003; x_wconf 86' lang='lat' dir='ltr'><strong>inf.</strong></span> <span class='ocrx_word' id='word_1_229' title='bbox 1071 1978 1101 2005; x_wconf 81' lang='lat' dir='ltr'><strong>O.</strong></span> <span class='ocrx_word' id='word_1_230' title='bbox 1123 1992 1157 1997; x_wconf 84' lang='lat'><strong>—-</strong></span> <span class='ocrx_word' id='word_1_231' title='bbox 1179 1976 1206 2012; x_wconf 83' lang='lat'><strong>3,</strong></span> <span class='ocrx_word' id='word_1_232' title='bbox 1229 1977 1244 2005; x_wconf 89' lang='lat'><strong>1</strong></span> <span class='ocrx_word' id='word_1_233' title='bbox 1260 1980 1318 2013; x_wconf 80' lang='lat' dir='ltr'><strong>Qui</strong></span> <span class='ocrx_word' id='word_1_234' title='bbox 1331 1989 1465 2010; x_wconf 84' lang='lat' dir='ltr'><strong>sororum</strong></span> 
     </span>
     <span class='ocr_line' id='line_1_56' title="bbox 154 2008 1464 2048; baseline 0.012 -17"><span class='ocrx_word' id='word_1_235' title='bbox 154 2009 212 2036; x_wconf 79' lang='lat' dir='ltr'><strong>BG,</strong></span> <span class='ocrx_word' id='word_1_236' title='bbox 233 2025 269 2030; x_wconf 70' lang='grc'><strong>.-</strong></span> <span class='ocrx_word' id='word_1_237' title='bbox 292 2008 323 2043; x_wconf 83' lang='lat'><strong>3,</strong></span> <span class='ocrx_word' id='word_1_238' title='bbox 353 2009 373 2038; x_wconf 79' lang='lat'>4</span> <span class='ocrx_word' id='word_1_239' title='bbox 392 2011 503 2038; x_wconf 75' lang='lat' dir='ltr'><strong>Futura</strong></span> <span class='ocrx_word' id='word_1_240' title='bbox 523 2010 580 2038; x_wconf 69' lang='lat'><strong>150.</strong></span> <span class='ocrx_word' id='word_1_241' title='bbox 604 2026 641 2030; x_wconf 86' lang='lat'><strong>——</strong></span> <span class='ocrx_word' id='word_1_242' title='bbox 661 2010 695 2045; x_wconf 86' lang='lat'><strong>4,</strong></span> <span class='ocrx_word' id='word_1_243' title='bbox 717 2010 732 2038; x_wconf 89' lang='lat'>1</span> <span class='ocrx_word' id='word_1_244' title='bbox 752 2010 820 2038; x_wconf 84' lang='lat' dir='ltr'><strong>Jam</strong></span> <span class='ocrx_word' id='word_1_245' title='bbox 840 2012 959 2048; x_wconf 84' lang='lat' dir='ltr'><strong>hospita</strong></span> <span class='ocrx_word' id='word_1_246' title='bbox 977 2013 1011 2040; x_wconf 92' lang='lat' dir='ltr'><strong>A.</strong></span> <span class='ocrx_word' id='word_1_247' title='bbox 1032 2028 1067 2033; x_wconf 84' lang='lat'><strong>—</strong></span> <span class='ocrx_word' id='word_1_248' title='bbox 1089 2012 1114 2048; x_wconf 85' lang='lat'><strong>6,</strong></span> <span class='ocrx_word' id='word_1_249' title='bbox 1136 2013 1153 2042; x_wconf 80' lang='lat'>2</span> <span class='ocrx_word' id='word_1_250' title='bbox 1173 2017 1350 2045; x_wconf 80' lang='lat' dir='ltr'><strong>Tractantur</strong></span> <span class='ocrx_word' id='word_1_251' title='bbox 1369 2019 1405 2046; x_wconf 89' lang='lat' dir='ltr'><strong>A.</strong></span> <span class='ocrx_word' id='word_1_252' title='bbox 1428 2036 1464 2039; x_wconf 97' lang='lat'><strong>—</strong></span> 
     </span>
    </p>
   </div>
   <div class='ocr_carea' id='block_1_24' title="bbox 155 2044 778 2083">
    <p class='ocr_par' dir='ltr' id='par_1_24' title="bbox 155 2044 778 2083">
     <span class='ocr_line' id='line_1_57' title="bbox 155 2044 778 2083; baseline 0.002 -9"><span class='ocrx_word' id='word_1_253' title='bbox 155 2044 181 2080; x_wconf 87' lang='grc'><strong>6,</strong></span> <span class='ocrx_word' id='word_1_254' title='bbox 205 2045 223 2075; x_wconf 84' lang='grc'><strong>3</strong></span> <span class='ocrx_word' id='word_1_255' title='bbox 244 2048 342 2075; x_wconf 85' lang='lat' dir='ltr'><strong>adsint</strong></span> <span class='ocrx_word' id='word_1_256' title='bbox 360 2047 418 2075; x_wconf 90' lang='lat' dir='ltr'><strong>AC.</strong></span> <span class='ocrx_word' id='word_1_257' title='bbox 443 2064 478 2068; x_wconf 94' lang='lat'>—</span> <span class='ocrx_word' id='word_1_258' title='bbox 500 2046 525 2083; x_wconf 88' lang='grc'><strong>6,</strong></span> <span class='ocrx_word' id='word_1_259' title='bbox 546 2047 567 2076; x_wconf 82' lang='grc'>4</span> <span class='ocrx_word' id='word_1_260' title='bbox 587 2049 726 2077; x_wconf 87' lang='lat' dir='ltr'><strong>Pronisse</strong></span> <span class='ocrx_word' id='word_1_261' title='bbox 745 2049 778 2075; x_wconf 83' lang='lat' dir='ltr'><strong>A.</strong></span> 
     </span>
    </p>
   </div>
   <div class='ocr_carea' id='block_1_25' title="bbox 587 2148 1036 2191">
    <p class='ocr_par' dir='ltr' id='par_1_25' title="bbox 587 2148 1036 2191">
     <span class='ocr_line' id='line_1_58' title="bbox 587 2148 1036 2191; baseline 0.004 -11"><span class='ocrx_word' id='word_1_262' title='bbox 587 2148 648 2181; x_wconf 85' lang='lat'><strong>318.</strong></span> <span class='ocrx_word' id='word_1_263' title='bbox 679 2148 723 2181; x_wconf 91' lang='lat' dir='ltr'><strong>De</strong></span> <span class='ocrx_word' id='word_1_264' title='bbox 743 2157 766 2180; x_wconf 88' lang='lat' dir='ltr'><strong>s.</strong></span> <span class='ocrx_word' id='word_1_265' title='bbox 787 2149 921 2181; x_wconf 83' lang='lat' dir='ltr'><strong>Martino</strong></span> <span class='ocrx_word' id='word_1_266' title='bbox 941 2151 1036 2191; x_wconf 81' lang='lat' dir='ltr'><strong>Papa.</strong></span> 
     </span>
    </p>
   </div>
   <div class='ocr_carea' id='block_1_26' title="bbox 156 2216 583 2400">
    <p class='ocr_par' dir='ltr' id='par_1_26' title="bbox 156 2216 583 2400">
     <span class='ocr_line' id='line_1_59' title="bbox 156 2216 535 2250; baseline 0.005 -2"><span class='ocrx_word' id='word_1_267' title='bbox 156 2216 187 2248; x_wconf 87' lang='lat'><strong>1.</strong></span> <span class='ocrx_word' id='word_1_268' title='bbox 213 2216 365 2249; x_wconf 78' lang='lat' dir='ltr'><strong>Exsultet</strong></span> <span class='ocrx_word' id='word_1_269' title='bbox 387 2218 535 2250; x_wconf 86' lang='lat' dir='ltr'><strong>laudibus</strong></span> 
     </span>
     <span class='ocr_line' id='line_1_60' title="bbox 213 2263 508 2305; baseline 0.01 -11"><span class='ocrx_word' id='word_1_270' title='bbox 213 2263 333 2295; x_wconf 86' lang='lat' dir='ltr'><strong>Chorus</strong></span> <span class='ocrx_word' id='word_1_271' title='bbox 358 2263 508 2305; x_wconf 84' lang='lat' dir='ltr'><strong>fidelium,</strong></span> 
     </span>
     <span class='ocr_line' id='line_1_61' title="bbox 210 2310 515 2345; baseline 0.013 -4"><span class='ocrx_word' id='word_1_272' title='bbox 210 2310 346 2342; x_wconf 77' lang='lat' dir='ltr'><strong>Martini</strong></span> <span class='ocrx_word' id='word_1_273' title='bbox 370 2313 515 2345; x_wconf 88' lang='lat' dir='ltr'><strong>cantibus</strong></span> 
     </span>
     <span class='ocr_line' id='line_1_62' title="bbox 212 2358 583 2400; baseline 0.008 -11"><span class='ocrx_word' id='word_1_274' title='bbox 212 2358 363 2390; x_wconf 83' lang='lat' dir='ltr'><strong>Promens</strong></span> <span class='ocrx_word' id='word_1_275' title='bbox 387 2360 583 2400; x_wconf 74' lang='lat' dir='ltr'><strong>martyrium.</strong></span> 
     </span>
    </p>
   </div>
   <div class='ocr_carea' id='block_1_27' title="bbox 839 2220 1183 2256">
    <p class='ocr_par' dir='ltr' id='par_1_27' title="bbox 839 2220 1183 2256">
     <span class='ocr_line' id='line_1_63' title="bbox 839 2220 1183 2256; baseline 0.006 -3"><span class='ocrx_word' id='word_1_276' title='bbox 839 2223 870 2253; x_wconf 83' lang='lat'><strong>2.</strong></span> <span class='ocrx_word' id='word_1_277' title='bbox 896 2220 1055 2253; x_wconf 85' lang='lat' dir='ltr'><strong>Martinus</strong></span> <span class='ocrx_word' id='word_1_278' title='bbox 1080 2221 1183 2256; x_wconf 84' lang='lat' dir='ltr'><strong>infula</strong></span> 
     </span>
    </p>
   </div>
   <div class='ocr_carea' id='block_1_28' title="bbox 895 2268 1208 2400">
    <p class='ocr_par' dir='ltr' id='par_1_28' title="bbox 895 2268 1208 2400">
     <span class='ocr_line' id='line_1_64' title="bbox 896 2268 1208 2312; baseline 0.016 -13"><span class='ocrx_word' id='word_1_279' title='bbox 896 2268 1010 2308; x_wconf 85' lang='lat' dir='ltr'><strong>Papali</strong></span> <span class='ocrx_word' id='word_1_280' title='bbox 1033 2270 1208 2312; x_wconf 86' lang='lat' dir='ltr'><strong>praeditus,</strong></span> 
     </span>
     <span class='ocr_line' id='line_1_65' title="bbox 896 2315 1195 2351; baseline 0.01 -3"><span class='ocrx_word' id='word_1_281' title='bbox 896 2315 1016 2348; x_wconf 83' lang='lat' dir='ltr'><strong>Christi</strong></span> <span class='ocrx_word' id='word_1_282' title='bbox 1039 2318 1195 2351; x_wconf 86' lang='lat' dir='ltr'><strong>miracula</strong></span> 
     </span>
     <span class='ocr_line' id='line_1_66' title="bbox 895 2363 1202 2400; baseline 0.016 -5"><span class='ocrx_word' id='word_1_283' title='bbox 895 2363 1014 2396; x_wconf 85' lang='lat' dir='ltr'><strong>Pandit</strong></span> <span class='ocrx_word' id='word_1_284' title='bbox 1040 2365 1202 2400; x_wconf 88' lang='lat' dir='ltr'><strong>divinitus.</strong></span> 
     </span>
    </p>
   </div>
  </div>
 </body>
</html>
