1651 2621
699 145 744 152 ..-

180 228 236 260 13.
250 226 296 258 Te
322 226 527 265 deprecamur
552 223 672 263 sedule,

251 273 354 306 Testis
377 272 499 305 Fidelis
523 272 642 310 inclite,

251 321 415 353 Solvamur
438 322 474 351 ut
498 319 537 350 ab
562 317 706 351 hostibus

250 367 370 408 Opimis
394 368 457 399 tuis
478 367 638 408 precibus,

181 426 235 458 14.
251 424 450 465 Quapropter
475 427 517 462 te,
543 422 716 455 fortissime

249 472 392 504 Bellator
416 481 470 503 san
476 473 534 509 cte,
562 478 759 511 quaesumus,

251 520 298 552 Ut
322 520 423 551 nostri
447 522 482 550 tu
507 518 686 550 memineris

252 565 328 598 Cum
357 566 474 597 inclitis
499 564 683 606 agminibus.

795 125 863 160 102
915 144 959 150 --

863 223 916 255 15.
932 221 977 253 Ut
1003 229 1071 252 cum
1097 219 1156 251 tibi
1177 219 1245 259 jam
1271 219 1384 252 debita

932 269 1057 301 Corona
1083 267 1177 300 datur
1201 267 1332 306 gloriae,

931 315 1032 348 Nobis
1057 318 1132 354 post
1155 316 1246 345 tanta.
1272 312 1406 345 crimina

929 363 1073 395 Donetur
1096 361 1306 401 indulgentia.

861 422 914 454 16.
929 420 999 452 Deo
1024 419 1110 459 patri
1135 418 1179 451 sit
1202 419 1306 458 gloria

929 468 1072 508 Ejusque
1099 466 1159 498 soli
1184 465 1250 498 filio

932 515 1014 548 Cum
1039 514 1155 554 spiritu
1178 512 1337 553 paraclito

928 563 966 595 In
991 562 1187 602 sempiterna
1212 560 1350 593 saecula.

251 640 335 667 Brev.
360 648 414 666 ms.
439 639 561 667 Comen
563 648 580 666 e
606 639 675 666 anni
701 635 783 665 1420
824 638 894 665 God.
914 637 1003 665 Univ.
1026 636 1190 663 Bononien
1208 634 1333 663 ἺΙεΖκοΕ.
1357 632 1422 663 339
1449 649 1487 653 —

176 676 202 711 5,
226 675 239 703 1
261 677 361 704 fehlte
347 678 411 704 eine
424 677 518 712 Silbe
539 679 609 704 hinc
622 677 747 712 e‘lgi'tnzt.
761 690 799 694 —
813 674 838 709 5,
859 674 998 703 4nieum.
1013 689 1050 695 --
1065 674 1133 702 Von
1146 675 1204 701 str.
1220 672 1236 701 9
1251 682 1290 701 an
1304 672 1342 699 ad
1355 672 1487 708 Laudes3

176 724 206 742 es
227 716 267 741 ist:
284 715 367 743 indes
381 724 436 742 nur
456 716 517 743 ein
530 715 673 750 Hymnus.
688 731 725 735 —
740 713 765 745 9,
779 711 797 741 3
811 714 884 741 fehlt
896 714 961 741 eine
975 713 1072 747 Silbe3
1093 715 1139 740 est
1152 712 1279 747 erganzt.
1293 725 1331 731 ·-
1347 708 1390 746 13,
1412 708 1451 737 2·
1443 719 1487 737 m-

175 753 254 779 elita.
273 767 310 771 —
332 751 374 786 14,
396 750 413 780 3
433 752 540 781 fehlt
526 754 592 780 eine
560 724 706 787 ymsilbe,
727 755 760 779 tu
780 753 964 787 e1·g²<inzt.—-
987 749 1030 784 15,
1053 749 1068 778 1
1089 750 1222 785 Ebcnso3
1239 750 1301 785 jam
1324 750 1452 785 erg'anzt.

621 881 680 912 165.
713 882 758 912 De
777 881 884 912 sancto
905 879 1021 911 Fidele.

714 966 762 997 Ad
782 966 937 1004 Vesperas.

180 1045 212 1076 1.
236 1044 356 1084 Magna
378 1044 502 1076 Fidelis
526 1046 641 1077 merita

237 1090 352 1123 Sancta
377 1094 503 1130 promat
528 1092 670 1135 ecclesia,

234 1138 293 1177 Qui
317 1141 418 1170 morte
442 1141 576 1171 mortem
601 1139 747 1179 perdidit

234 1185 280 1216 Et
302 1186 404 1217 victor
429 1189 515 1218 astra
539 1188 643 1226 petiit.

178 1244 208 1274 2.
235 1242 371 1281 Abjecto
396 1244 498 1275 carnis
524 1252 619 1275 onere

233 1289 322 1321 Stola
350 1291 485 1322 vestitur
508 1291 636 1330 gloriae⁷

235 1336 342 1368 Tersis
367 1337 406 1368 ab
433 1346 487 1369 ore
509 1337 648 1369 lacrimis

235 1384 326 1415 ieris
351 1385 472 1424 potitur
496 1385 630 1424 gaudiis.

178 1442 211 1474 3.
236 1440 283 1472 Ut
306 1448 381 1472 ense
405 1450 514 1473 caesus
537 1442 681 1482 moritur,

236 1486 338 1518 Saeva
361 1489 533 1527 tempestas
559 1489 669 1528 oritur,

237 1533 288 1565 Sic
312 1535 486 1566 intentatur
509 1536 616 1575 impiis

233 1581 385 1612 Vindicta
405 1582 484 1620 justi
505 1582 633 1620 judicis.

860 1047 892 1079 4,
917 1044 1082 1083 Quendam
1107 1053 1146 1076 ex
1172 1043 1375 1076 carnificibus

916 1091 1022 1123 Malus
1047 1091 1172 1123 invadit
1195 1091 1337 1134 spiritus⁷

915 1138 994 1170 Mox
1019 1147 1130 1170 sacrae
1153 1138 1265 1178 glebae
1286 1138 1440 1182 Jungitur,

917 1185 998 1218 Dira
1021 1186 1121 1226 pestis
1147 1186 1338 1218 excluditur.

860 1244 890 1276 5.
919 1243 1031 1275 Gordis
1056 1242 1184 1282 orisque
1207 1241 1357 1281 precibus

915 1290 971 1330 Te,
997 1294 1120 1328 martyr
1145 1289 1236 1331 alme,
1263 1290 1411 1330 petimus,

917 1337 984 1368 Nos
1009 1340 1065 1368 tua
1086 1346 1146 1376 per
1165 1337 1301 1377 vestigia

916 1384 970 1415 Ad
996 1385 1080 1416 vitae
1106 1385 1202 1416 ducas
1228 1385 1380 1424 praemia.

858 1443 890 1474 6.
917 1440 967 1472 Sit
988 1441 1075 1480 patri
1096 1441 1167 1472 laus
1190 1441 1342 1481 ingenito,

918 1487 967 1519 Sit
992 1489 1088 1520 decus
1113 1488 1285 1527 unigenito,

917 1534 965 1566 Sit
988 1535 1153 1574 utriusque
1178 1536 1297 1567 numini

917 1582 1025 1613 Virtus
1048 1582 1199 1620 perennis
1221 1581 1353 1614 flamini.

251 1648 334 1672 ssrev.
365 1654 418 1672 ms.
446 1646 614 1673 Str-umente
638 1653 713 1673 saec.
743 1643 785 1673 11.
827 1645 896 1673 Cod.
922 1646 1111 1673 Lam-endan.
1141 1645 1231 1672 Gonv.
1258 1645 1329 1681 Sup.
1354 1645 1419 1675 524.
1447 1663 1486 1668 —

174 1684 235 1711 Fiir
258 1683 342 1710 Noc-t.
367 1683 428 1710 und
446 1684 563 1712 Laudes
591 1684 695 1711 dienen
720 1684 765 1711 die
794 1683 900 1711 beiden
918 1684 1056 1718 Hymnen
1077 1683 1163 1710 Anal.
1187 1683 1260 1711 XIV
1286 1693 1318 1718 a,
1347 1685 1399 1713 Nr.
1430 1684 1485 1713 108

175 1720 235 1748 und
252 1718 315 1748 109.
351 1720 419 1748 Von
439 1722 489 1749 der
508 1722 671 1757 Doxologie
691 1730 746 1749 nur
766 1721 817 1748 der
834 1722 950 1756 Anfang
970 1721 1153 1757 vorlianden3
1184 1722 1304 1757 ergfimt
1321 1724 1399 1751 nach
1420 1723 1486 1751 dem

174 1760 310 1794 Hymnus
329 1760 376 1787 De
396 1767 419 1786 s.
440 1760 529 1788 Grato
550 1760 588 1786 ad
607 1759 731 1787 Laudes.

616 1888 676 1920 166.
702 1889 746 1920 De
766 1889 875 1920 sancta
895 1887 1040 1920 Firmina.

672 1975 721 2004 Ad
739 1975 829 2012 Vesp.
849 1979 880 2005 et
897 1974 993 2006 Laud.

177 2054 208 2086 1.
234 2049 374 2092 Agmina
398 2061 490 2085 sacra
515 2049 685 2096 [virginum

236 2096 406 2142 Sacerque]
432 2101 544 2132 chorus
570 2101 706 2132 militum

237 2146 412 2179 Concinunt
433 2147 679 2187 praemirificum

234 2194 394 2234 Hymnum
418 2196 591 2234 psallentes
615 2196 753 2229 unicum.

175 2254 207 2284 2.
233 2248 476 2292 Benedicamus‚
500 2251 656 2292 inquiunt,

233 2299 352 2338 Regem
377 2308 497 2331 summe
521 2299 718 2341 altissimum,

232 2346 407 2379 Firminam
432 2347 486 2386 qui
510 2347 651 2387 virgineo

234 2393 374 2426 Sociavit
399 2394 566 2429 consorti0.

860 2055 890 2086 3.
919 2050 1073 2086 Comitiva
1096 2052 1296 2086 hierarchica

916 2100 1072 2140 Suprema
1095 2108 1155 2131 nec
1178 2109 1241 2132 non
1265 2102 1383 2145 media,

917 2146 1055 2180 Inferior
1079 2149 1120 2191 te,
1147 2147 1301 2190 Firmina‚

919 2193 1108 2227 Glorificant
1131 2195 1164 2227 in
1189 2198 1328 2230 saecula.

859 2253 892 2285 4.
915 2247 1094 2283 Decoratus
1121 2253 1278 2286 exereitus

916 2299 1094 2338 Vatumque
1119 2301 1310 2339 apostolicus

914 2345 1144 2378 Laureatorum
1169 2348 1285 2389 virgini

917 2393 1063 2426 Jubilant
1086 2397 1181 2435 atque
1204 2398 1350 2437 martyri.
