1651 2621
728 121 983 156 -240—

220 218 251 251 9.
277 218 354 250 Cum
379 219 514 259 quadam
541 219 592 251 die
615 219 775 259 psalleret,
886 217 940 250 12¹
954 215 1031 254 Nos,
1058 215 1149 247 miles
1174 214 1389 258 invictissime,

272 265 408 306 Maligni
433 274 501 297 eum
527 267 657 306 spiritus
952 263 1004 295 Da
1025 263 1058 294 in
1082 271 1183 303 agone
1208 262 1343 304 vincere,

280 313 357 346 Cum
381 313 545 352 repentino
569 314 690 353 impetu
953 310 1089 342 Calcatis
1116 309 1236 342 cunctis
1260 309 1405 341 hostibus

277 360 462 392 Immaniter
486 359 638 393 afficiunt.
950 358 1124 397 Jungamur
1147 361 1184 389 ut
1208 357 1406 390 coelestibus

208 416 262 448 10.
277 416 354 448 Post
376 416 470 448 nimis
497 417 577 448 dura
601 417 734 449 verbera
886 416 940 448 13.
954 414 1008 456 Te,
1039 417 1131 455 pater
1155 415 1246 454 alme,
1273 415 1409 452 petimus

275 462 359 494 Dum
383 464 463 495 haec
487 462 572 495 fudit
596 463 751 502 alloquia:
949 461 1037 493 Totis
1063 462 1168 493 cordis
1191 460 1377 503 visceribus,

277 509 357 542 Care
381 509 466 552 Jesu,
495 511 610 543 dilecte
633 510 685 546 mi,
951 508 997 541 Ut
1021 509 1138 540 coelum
1167 509 1264 541 dones
1289 509 1453 551 scandere,

276 557 344 597 Quo
367 566 467 596 usque
489 566 541 589 me
563 556 754 598 reliquerisz
952 555 1036 594 Quos
1060 559 1179 587 terram
1207 555 1300 587 doces
1322 564 1490 595 spernere.

208 614 261 647 11.
277 613 391 646 Omnes
415 614 514 653 iniqui
538 615 667 654 spiritus
889 614 942 647 14.
954 612 1107 644 Laetetur
1130 611 1332 645 uniformiter

275 660 391 692 Divino
413 661 503 699 jussu
528 660 660 701 fugiunt,
953 659 1038 691 Ordo
1065 659 1362 698 Camaldulensium,

276 708 353 739 Mox
375 707 570 739 Romualdus
593 708 699 739 alacer
951 706 1034 738 Dum
1059 710 1147 739 tanto
1171 707 1257 747 patri
1281 707 1405 746 pariter

275 755 328 786 Ad
353 757 498 793 coeptum
523 763 601 794 opus
626 757 754 786 remeat.
950 753 1112 785 Festivum
1140 755 1195 786 dat
1210 754 1368 788 solatium.

511 811 565 844 15.
593 811 692 850 TotiS,
720 810 854 849 Christe,
881 810 1053 842 visceribus

591 858 725 896 Tibique
748 858 833 896 patri
858 858 997 889 canimus

589 904 662 936 Una
687 912 756 935 cum
782 909 891 936 sancto
916 904 1032 945 spiritu

588 951 714 983 Laudes
742 960 802 990 per
825 960 916 983 omne
940 952 1111 985 saeculum.

280 1016 387 1051 Hymn.
407 1024 460 1042 ms.
482 1015 510 1043 S.
526 1015 658 1052 Gregorii
677 1017 708 1042 in
721 1016 802 1043 Urbe
821 1024 897 1043 saec.
922 1014 965 1044 14.
1000 1015 1212 1044 Cod.Vatican.
1234 1015 1318 1044 7599.
1341 1018 1406 1045 add.
1421 1027 1498 1046 saec.

208 1051 249 1080 15.
270 1054 304 1080 A.
324 1068 361 1071 —
381 1053 464 1081 Brev.
484 1062 536 1081 ms.
551 1054 757 1081 Monachorum
771 1054 949 1090 Angelorum
961 1053 1088 1081 Florem.
1109 1062 1184 1082 saec.
1202 1052 1245 1082 15.
1280 1054 1348 1082 Cod.
1363 1056 1501 1084 Vatican.

203 1090 306 1118 Urbin.
332 1089 397 1118 599,
416 1091 449 1118 B.
471 1105 506 1109 —
526 1092 610 1118 Brev.
636 1099 687 1118 ms.
718 1091 747 1118 S.
768 1091 921 1119 Michaelis
946 1091 982 1118 de
1001 1091 1098 1126 Bul-go
1122 1094 1195 1119 anni
1221 1090 1302 1119 1457.
1344 1093 1412 1120 Cocl.
1443 1095 1500 1121 Ra-

203 1131 320 1155 vennat.
343 1126 406 1156 139.
435 1126 459 1154 1.
480 1128 511 1155 Z.
534 1128 563 1155 C.
583 1144 620 1148 —
640 1128 730 1156 Psalt.
750 1137 803 1156 ms.
825 1129 1046 1157 Oamaldulense
1066 1137 1143 1157 saec.
1165 1128 1209 1157 15.
1251 1130 1320 1157 God.
1341 1131 1502 1159 Taurinen.

203 1165 223 1193 J
241 1166 257 1193 1
275 1164 321 1192 41.
342 1167 377 1193 D.
398 1179 435 1183 —-
454 1166 538 1193 Brev.
561 1165 781 1194 Camaldulense
799 1168 868 1202 imp.
891 1167 1058 1194 Florentiae
1079 1165 1159 1195 1484.
1179 1168 1215 1195 Ε.
1230 1182 1267 1186 —
1289 1166 1314 1201 1,
1335 1166 1352 1196 3
1373 1170 1502 1205 splendi-

203 1203 256 1230 dus
276 1203 356 1231 fehlt.
378 1204 411 1230 Β.
432 1217 468 1221 —-
489 1202 514 1236 7,
535 1202 555 1230 4
573 1206 717 1240 germinat
734 1204 769 1231 E.
791 1219 827 1223 —
850 1203 893 1239 14,
915 1204 935 1232 4
954 1205 1103 1231 Festinum
1122 1206 1158 1233 E.

608 1322 678 1353 409.
710 1322 751 1352 De
771 1324 877 1354 sancto
899 1323 1076 1355 Romualdo.

751 1388 800 1417 Ad
817 1389 946 1420 Laudes.

438 1455 467 1488 1.
495 1456 622 1488 Ordinis
648 1459 767 1496 auctor,
793 1458 978 1498 Romualde,
1005 1467 1126 1491 morum

493 1503 564 1534 Lux
588 1503 784 1535 Ravenatum
809 1506 949 1543 radians,
974 1506 1114 1538 locorum

494 1550 646 1583 Conditor
667 1549 745 1583 felix
770 1553 876 1593 eremi,
903 1554 1042 1585 virorum

536 1596 700 1630 Laudibus
726 1601 802 1639 esto,

434 1654 466 1686 2.
492 1653 539 1686 Ut
560 1657 632 1687 tuas
658 1653 784 1687 Christo
810 1657 946 1689 recitare
969 1657 1081 1689 laudes

493 1701 561 1732 Vox
586 1703 680 1741 queat
704 1706 822 1745 nostra,
850 1704 972 1744 quibuS,
999 1705 1092 1745 alme,
1118 1707 1237 1747 gaudes

489 1749 595 1788 Atque
619 1749 782 1780 nobiscum
805 1751 925 1790 pietate
948 1753 1082 1790 plaudes

538 1796 683 1828 Carmine
708 1795 799 1831 festo.

432 1853 463 1884 3.
489 1851 572 1890 Quas
596 1858 666 1892 pias
691 1854 798 1892 proles
823 1864 976 1896 generare
1002 1857 1098 1889 caelis

486 1899 649 1931 Maldulus
671 1901 765 1940 Alpis
789 1904 905 1935 meruit
928 1903 1044 1944 fidelis,

488 1946 681 1979 Daemonum
707 1949 806 1990 salva,
832 1954 935 1992 pater,
961 1951 1031 1991 ipse
1055 1953 1128 1984 telis

534 1994 637 2026 Nocte.
663 1995 785 2035 dieque.

428 2051 461 2081 4.
488 2051 532 2083 Ut
564 2051 631 2083 dies
656 2051 730 2083 festi
755 2055 917 2086 monachis
944 2055 1090 2087 colantur

486 2096 650 2130 Laudibus
677 2099 790 2138 dignis,
816 2101 951 2134 Domino
977 2101 1122 2135 ferantur

488 2143 615 2176 Gloriae
640 2149 756 2186 grates,
782 2149 890 2187 superi
913 2151 1064 2188 petantur

531 2192 619 2224 Voce
640 2192 777 2232 fideque.

430 2248 459 2279 5.
486 2248 545 2286 Qui
570 2247 676 2280 ferant
699 2249 790 2280 nobis
814 2252 962 2282 meritum
987 2252 1148 2293 juvamen,

491 2293 573 2326 Fide
592 2296 677 2335 quod
701 2296 822 2328 nullum
847 2298 889 2328 sit
913 2306 1009 2338 agens
1035 2308 1215 2343 gravamen,

486 2342 583 2373 Adsit
607 2345 639 2373 et
661 2342 753 2374 nobis
778 2345 918 2383 speciale
941 2342 1056 2378 flamen

534 2389 723 2422 Auxiliator.
