1651 2621
710 135 971 170 -191—

615 256 682 287 324.
714 256 759 287 Dc
779 255 887 287 sancto
908 254 1074 286 Matthaeo.

730 333 779 362 Ad
800 332 957 370 Vesperas.

209 423 216 431 .
243 398 378 440 Plaude,
404 402 507 432 mater
532 400 677 440 ecclesia,

242 446 296 478 Ad
322 446 479 479 Matthaei
504 447 686 488 praeconia,

246 493 343 534 Cujus
370 503 501 526 concors
526 494 691 527 affectibus

246 540 430 574 Exsulte
442 544 457 573 t
509 551 553 575 co
566 542 674 574 elum
721 542 812 574 lau-

585 590 603 621 d
614 590 655 622 ib
665 600 686 621 u
695 600 720 625 S.

206 691 214 699 .
243 664 337 697 Prius
363 665 595 698 thelonearium

242 712 287 745 Et
311 721 372 755 per
397 714 523 754 culpam
549 713 706 746 nefarium

248 759 436 793 Gonsortem
463 759 540 794 fecit
565 762 703 794 numinis

242 806 412 841 Consors
438 809 597 849 paterni
621 809 789 842 luminis.

211 910 217 917 .
245 883 344 922 Quem
370 893 503 918 vocaras
530 886 732 925 discipulum,

245 931 361 964 Trahis
388 936 572 973 sequentem
598 934 757 965 saeculum

243 978 296 1011 Ad
324 980 505 1013 duodenum
530 990 706 1021 numerum,

245 1025 327 1059 Con
340 1028 457 1060 ditor
482 1029 590 1061 alme
614 1029 679 1060 sid
694 1037 815 1061 erum.

873 404 903 434 4.
929 401 1030 433 Dedit
1055 401 1139 442 huic,
1166 411 1257 443 quem
1281 403 1431 435 coelicum

931 448 1024 480 Fecit
1048 451 1081 480 et
1105 450 1331 490 evangelicum,

935 497 975 529 id
999 496 1129 528 honoris
1156 498 1263 529 eximii

933 543 1087 576 Summi
1103 545 1292 585 largitor
1308 554 1328 586 p
1340 545 1502 578 raemii.

899 645 904 651 .
931 619 992 664 En,
1023 620 1109 652 inter
1134 621 1285 653 animalia

932 667 1035 699 Homo
1061 667 1212 700 scribitur
1236 669 1310 709 alia,

933 714 1017 747 Dum
1044 724 1171 748 carmen
1196 717 1316 756 promit
1340 717 1444 748 oriens

933 763 1115 795 Verbum
1140 773 1214 803 sup
1228 772 1379 796 remum
1404 772 1502 803 pro-

1275 811 1295 843 d
1304 813 1316 843 i
1325 820 1342 843 e
1350 822 1370 843 n
1380 820 1406 844 s.

900 912 907 920 .
933 886 1033 925 Quem
1056 886 1171 919 laudas
1196 887 1300 928 dignis
1325 887 1428 919 titulis

932 933 977 965 Et
1000 934 1159 974 approbas
1183 935 1356 974 miraculis,

936 980 1016 1021 Ejus
1044 982 1085 1013 da
1109 989 1167 1021 per
1192 981 1343 1022 suffragia

933 1027 1066 1061 Beata
1093 1029 1216 1060 nobis
1241 1029 1406 1069 gaudia.

524 1106 554 1137 7.
583 1104 694 1138 Gloria
719 1104 789 1143 tibi,
818 1104 963 1144 Domine,

577 1152 638 1191 Qui
659 1152 793 1192 gratiam
818 1160 878 1192 pro
904 1152 1037 1184 crimine

577 1199 772 1233 Conclonasti
797 1199 949 1239 piissime,

575 1248 766 1279 Aeterne
791 1256 865 1280 rex
890 1247 1079 1279 altissim
1091 1255 1117 1281 e.

259 1340 346 1368 Brev.
378 1350 430 1369 ms.
457 1340 678 1369 Salernitanum
704 1350 780 1369 saec.
803 1338 847 1368 15.
897 1340 965 1369 Ood.
996 1340 1089 1376 Capit.
1117 1340 1254 1368 Salei-nit.
1285 1349 1307 1368 s.
1340 1349 1368 1367 n.
1395 1340 1429 1368 A.

180 1377 287 1415 Propr.
308 1379 529 1408 Salernitanum
549 1381 619 1416 imp.
643 1379 770 1416 Neapoli
792 1377 874 1407 1594.
894 1379 928 1406 B.
949 1393 987 1397 —
1007 1376 1039 1412 2,
1064 1377 1078 1407 1
1102 1379 1300 1407 thelonarium
1323 1378 1357 1407 A.
1380 1394 1417 1399 —-

181 1416 240 1444 His
262 1416 384 1446 honoris
404 1418 438 1451 A,
462 1419 600 1446 eximium
621 1418 654 1446 B.
675 1433 714 1437 -—
735 1415 761 1451 6,
783 1416 801 1446 3
821 1417 911 1454 Cujus
932 1416 978 1444 da.

1466 1354 1503 1406 00!

1437 1377 1464 1414 4,

608 1583 674 1616 325.
705 1584 749 1616 Dc
769 1585 876 1616 sancto
898 1584 1070 1616 lllatthaeo.

717 1662 766 1692 Ad
786 1662 974 1693 Matutinum.

203 1766 210 1773 .
240 1741 388 1774 Gaudeat
412 1742 595 1783 Aethiopia,

238 1790 391 1822 Exsultet
416 1793 448 1821 et
471 1790 625 1830 Lucania,

240 1838 345 1869 Tanto
373 1838 475 1870 ditata
499 1846 640 1878 munere,

240 1886 331 1919 Jam
355 1885 470 1916 lucis
496 1888 592 1917 orto
618 1884 777 1917 sidere.

207 1988 213 1996 .
242 1961 307 1994 Sed
333 1960 502 1994 Salernum
525 1970 607 2001 prae
633 1961 758 2000 ceteris,

240 2009 441 2042 Thesaurum
466 2012 578 2046 {tenens
603 2009 755 2048 muneris,

239 2057 315 2090 Tibi
340 2057 459 2099 psallat
486 2056 629 2097 quotidie

238 2107 347 2147 Jam,
377 2105 571 2144 Christe,
599 2104 664 2137 sol
681 2103 814 2143 justi-

583 2153 682 2185 tiae.

206 2257 213 2265 .
241 2231 307 2263 Hic
329 2231 411 2263 hora
437 2238 554 2262 coenae
577 2228 727 2272 mittitur,

243 2279 400 2312 Excitare
425 2277 625 2318 praecipitur

239 2325 399 2360 Affectum
424 2328 533 2360 coetus
558 2324 646 2358 avidi

243 2378 269 2407 A
284 2374 304 2406 d
358 2381 530 2406 coenam
573 2372 672 2414 agni
717 2381 815 2412 pro-

586 2431 606 2453 v
615 2421 628 2453 i
638 2421 658 2453 d
667 2421 690 2453 i.

871 1744 903 1776 4.
930 1743 1029 1782 Quem
1055 1741 1216 1782 approbat
1239 1741 1437 1778 miraculum,

932 1790 1030 1830 Quem
1058 1790 1211 1823 excitavit
1234 1790 1407 1830 saeculum,

931 1837 1017 1870 Dum
1042 1840 1201 1869 mortuum
1227 1837 1407 1877 resuscitat,

932 1884 1016 1916 Vox
1039 1886 1167 1922 clara,
1195 1892 1303 1924 ecce,
1331 1885 1504 1917 intonat.

901 1987 908 1993 .
933 1960 999 1993 Hie
1022 1960 1184 2000 praecipit
1211 1959 1412 2004 draconibus,

933 2007 1096 2040 Nocerent
1119 2016 1160 2039 ne
1185 2007 1377 2049 hominibus,

932 2055 1080 2096 Abirent,
1107 2064 1201 2087 orans
1226 2055 1398 2088 Dominum

934 2102 989 2135 Te
1044 2103 1157 2135 lucis
1207 2106 1308 2135 ante
1356 2105 1505 2135 termi-

1274 2159 1296 2182 ῃ
1303 2160 1326 2182 u
1334 2159 1375 2183 m.

903 2252 909 2259 .
936 2227 997 2265 Qui
1021 2227 1148 2266 sprevit
1170 2228 1361 2267 temporalia

933 2275 1115 2315 Degustans
1140 2275 1309 2318 spiritalia,

937 2322 1000 2355 Per
1024 2322 1129 2362 ipsum
1155 2322 1228 2355 veni
1253 2323 1386 2356 coelitus

936 2369 1056 2403 Nunc
1084 2373 1237 2402 sancte
1265 2372 1389 2404 nobis
1417 2373 1506 2412 spi-

1283 2428 1299 2452 r
1311 2420 1410 2455 itus,
