1651 2621
761 156 922 194 —291
978 179 1020 184 —-

592 249 663 282 494.
693 250 728 283 In
749 251 971 286 Translatione
995 262 1018 286 s.
1039 250 1175 286 Zenobii.

757 311 805 341 Ad
827 312 1018 343 Nocturnum.

230 366 262 399 1.
288 367 317 398 A
342 366 420 400 solis
446 371 534 401 ortus
560 370 694 403 cardine

287 414 341 446 Ad
371 424 471 456 usque
494 420 602 450 terrae
627 418 761 451 limitem

287 462 470 497 Laudemus
493 465 578 497 hunc
601 467 776 499 antistitem

290 510 436 544 Cohortis
463 513 543 546 coeli
568 515 724 548 comitem.

229 568 262 600 2.
290 567 386 607 Cujus
411 569 569 603 translato
596 580 729 613 corpore

288 615 437 649 Ditamur
462 619 524 650 isto
549 621 694 660 tempore

288 663 442 697 Florente
469 666 555 699 ulmo
583 666 711 709 frigore,

288 712 377 751 Quod
405 713 511 754 signat
532 723 609 747 crux
629 716 669 748 de
686 725 856 753 marmore.

915 375 949 407 3.
973 374 1068 406 Hanc
1098 382 1214 406 ornans
1240 371 1448 406 residentiam

974 421 1104 454 Zenobii
1130 421 1354 464 praesentiam,

975 470 1093 502 Valere
1118 467 1170 501 fac
1193 469 1403 509 Florentiam,

976 517 1150 557 Repellens
1176 517 1403 558 pestilentiam.

918 575 950 607 4.
975 574 1047 606 Hoc
1070 576 1164 615 pater
1189 575 1244 607 det
1267 574 1426 615 ingenitus

976 621 1119 663 Ejusque
1143 621 1324 664 unigenitus

978 669 1244 711 Conregnansque
1267 670 1454 712 paraclitus,

975 717 1034 756 Qui
1060 717 1163 759 spirat
1186 720 1308 750 mentes
1335 718 1476 751 coelitus,

627 775 658 806 5.
686 772 798 807 Gloria
822 775 865 806 sit
886 774 1042 807 altissimo

683 821 774 855 Patri
798 825 830 854 et
854 822 1029 863 unigenito,

688 868 804 902 Sancto
831 869 923 902 simul
946 870 1086 910 spiritui,

688 916 757 949 Deo
782 917 981 950 indivisibili.

303 968 412 1004 Hymn.
446 979 499 998 ms.
525 970 713 1000 Florentinus
746 981 821 1001 saec.
852 971 895 1002 13.
943 973 1011 1001 cod.
1039 974 1229 1001 Laurentian.
1257 972 1351 1001 Aedil.
1385 971 1447 1002 131.
1475 973 1542 1001 add.

225 1015 301 1035 saec.
335 1006 379 1035 15.
407 1008 442 1035 A.
469 1023 506 1028 -
536 1009 621 1037 BreV.
643 1019 696 1038 ms.
716 1011 920 1039 Florentinum
941 1020 1016 1039 saec.
1060 1010 1102 1039 14.
1144 1011 1213 1039 Cod.
1233 1012 1423 1039 Laurentian.
1445 1011 1539 1039 Aedil.

228 1043 291 1073 117.
319 1045 384 1073 add.
410 1055 486 1075 saec.
516 1044 560 1074 15.
587 1052 620 1075 Β.
641 1063 679 1067 -
702 1047 731 1082 1,
759 1048 773 1077 1
798 1052 864 1077 ortu
883 1049 943 1076 AB.
965 1065 1002 1069 —
1021 1048 1050 1085 2,
1072 1046 1090 1078 3
1116 1050 1215 1078 hulmo
1236 1049 1295 1077 AB.
1317 1064 1355 1068 —
1374 1047 1408 1083 3,
1431 1048 1448 1077 2
1468 1051 1538 1077 Lies

223 1083 348 1112 Zenobii
368 1093 420 1120 per
440 1087 646 1121 praesentiam.

675 1179 743 1211 495.
763 1180 806 1211 De
827 1180 933 1212 saneto
955 1180 1098 1212 Zenobio.

225 1237 254 1270 1.
281 1238 306 1271 Ο
331 1236 389 1270 flos
415 1240 549 1273 colende
572 1242 765 1280 praesulum,

282 1285 444 1319 Fidelium
470 1297 526 1320 cor
550 1297 670 1327 recrea,

283 1334 387 1373 Reple
411 1338 498 1369 tuam
523 1336 713 1369 coelestibus

282 1381 441 1414 odoribus
464 1383 661 1416 Florentiam

222 1440 253 1473 2.
281 1439 454 1472 Praeclara
478 1443 647 1481 postquam
673 1442 800 1474 dixerat

280 1487 326 1519 Te
352 1487 465 1519 civitas
491 1488 676 1530 antistitem,

281 1534 412 1574 Spernis
438 1534 584 1576 fugisque
603 1538 724 1577 patrias

278 1582 489 1616 Desideratus
514 1582 645 1618 infulas,

219 1641 250 1674 3.
278 1639 342 1672 Sed
368 1649 460 1673 sacra
484 1644 596 1681 pastor
620 1650 752 1675 munera

278 1688 375 1721 Obire
397 1688 505 1728 jussus
528 1689 654 1731 incolis,

279 1736 406 1768 Virtute
430 1739 575 1776 praestas
602 1739 756 1778 omnibus,

280 1783 397 1816 Gratus
423 1784 492 1817 Deo
520 1788 552 1816 et
575 1786 774 1819 mortalibus,

910 1243 942 1276 4.
968 1241 1088 1274 Divina
1111 1241 1248 1281 praebes
1272 1241 1391 1281 pabula

968 1290 1050 1322 Potu
1076 1289 1209 1329 ciboque
1232 1292 1413 1329 temperans

970 1337 1147 1377 Fidemque
1173 1337 1375 1370 concionibus

971 1385 1200 1425 Miraculisque
1224 1385 1383 1425 provehis.

913 1443 944 1474 5.
971 1443 1123 1475 Possessa
1150 1442 1267 1474 dudum
1294 1442 1426 1474 crimine

969 1490 1018 1522 Tu
1043 1498 1123 1524 voce
1148 1490 1246 1522 corda
1272 1489 1390 1522 liberas

970 1537 1023 1578 Et,
1051 1538 1118 1570 vita
1139 1546 1216 1577 quos
1241 1537 1423 1581 reliquerat,

969 1585 1073 1618 Vocas
1098 1585 1130 1616 in
1156 1594 1250 1618 auras
1275 1585 1414 1618 luminis.

911 1644 940 1676 6.
968 1643 1036 1675 Deo
1061 1643 1147 1683 patri
1173 1643 1216 1674 sit
1239 1643 1343 1684 gloria

968 1691 1111 1732 Eiusque
1134 1691 1195 1723 soli
1220 1690 1286 1723 tilio

970 1739 1046 1771 Cum
1073 1738 1189 1778 spiritu
1213 1739 1369 1780 paraclito

969 1787 1062 1819 Nunc
1087 1789 1120 1818 et
1144 1796 1201 1827 per
1227 1795 1319 1820 omne
1343 1788 1513 1820 saeculum.

294 1840 400 1868 Dieser
419 1841 555 1876 Hymnus
576 1842 616 1869 ist
636 1850 688 1870 aus
709 1842 812 1870 Anlass
834 1843 885 1870 der
905 1851 927 1870 s.
948 1852 976 1879 g.
998 1843 1106 1871 dritten
1123 1843 1312 1870 Translation
1332 1843 1382 1871 des
1398 1843 1497 1879 ΗσείΙί(ι
1521 1853 1539 1871 n

217 1877 368 1914 gemacht,
393 1879 440 1906 die
459 1883 546 1907 unter
568 1880 705 1908 Cosimus
724 1881 780 1908 ΠΙ.
804 1890 861 1909 von
882 1881 992 1909 Medici
1014 1880 1087 1909 1685
1111 1881 1261 1908 stattt'and.
1305 1881 1411 1910 Leider
1430 1884 1471 1910 i.t
1490 1882 1540 1910 der

217 1917 312 1945 Autor
343 1918 400 1945 mir
429 1918 602 1946 unbekannt
634 1919 798 1955 geblieben.
845 1919 912 1956 Vgl.
940 1920 1104 1947 Prezzolini
1117 1940 1125 1954 ,
1159 1920 1231 1947 Vita
1257 1920 1287 1947 ‹li
1313 1919 1373 1947 San
1400 1920 1539 1948 Zenobio.

217 1956 340 1984 Firenze
363 1953 444 1984 1853.
465 1966 493 1993 p.
514 1953 579 1984 341.

661 2050 729 2083 496.
763 2050 806 2082 De
825 2052 933 2083 sancto
953 2051 1084 2083 Zenone.

219 2113 249 2146 1.
276 2112 372 2152 Zeno,
399 2111 545 2152 pontifex
570 2112 690 2152 inclite,

278 2160 397 2195 Christi
422 2161 544 2193 athleta
569 2160 749 2201 splendide,

275 2210 399 2242 Adesto
425 2208 543 2241 nostris
570 2209 711 2250 vocibus,

276 2258 363 2297 Quae,
387 2257 442 2297 pie
467 2256 528 2290 tibi
553 2255 728 2291 fundimus.

217 2317 248 2348 2.
277 2316 302 2349 O
328 2315 467 2355 gloriose
492 2317 637 2356 patrone,

280 2363 418 2396 Nostrae
443 2363 556 2399 salutis
583 2363 703 2405 opifex,

278 2412 324 2446 Ut
349 2411 444 2452 digne
470 2413 581 2445 demus
609 2413 744 2452 cantica,

279 2459 400 2495 Nostra
427 2460 592 2501 disrumpe
617 2462 762 2494 crimina.

908 2114 939 2146 3.
967 2114 1092 2146 Adesse
1117 2113 1179 2144 tuis
1202 2112 1330 2146 famulis

966 2161 1119 2202 Dignare,
1148 2162 1212 2193 dux
1239 2161 1395 2201 amabilis,

968 2209 1114 2243 Sentiant
1139 2213 1249 2242 nostra
1273 2213 1404 2251 pectora

970 2257 1166 2298 Semperque
1190 2263 1246 2291 tua
1269 2259 1409 2291 numina.

911 2316 943 2348 4.
970 2315 1018 2347 Tu
1049 2325 1082 2348 es
1107 2318 1250 2348 nostrum
1275 2315 1443 2357 refugium,

968 2363 1016 2396 Tu
1041 2364 1140 2397 robur
1164 2365 1428 2407 potentissimum,

968 2412 1016 2444 Tu
1041 2413 1126 2445 salus
1153 2416 1185 2444 et
1208 2414 1365 2453 protectio

971 2460 1153 2501 Nostraque
1172 2461 1332 2502 jubilatio.

1304 2516 1366 2547 19*
