1651 2621
169 220 201 253 3.
227 219 324 260 Regis
345 221 454 253 natam
478 220 616 262 Polymii

227 267 358 300 Fraude
385 268 553 309 deceptum
576 268 668 311 impii

228 315 332 348 Solvit
357 315 476 348 Christi
503 316 678 357 discipulus

227 362 340 395 Multis
367 372 474 396 coram
499 364 732 404 languentibus

169 420 201 455 4.
229 420 356 453 Summo
380 429 475 453 mane
501 420 640 454 diluculo

227 468 394 501 Adventat
417 477 474 501 rex
501 478 570 502 cum
595 470 724 510 populo,

226 514 272 549 Ut
296 517 392 549 thura
417 517 529 549 dantes
553 517 641 550 idolo

228 563 392 597 Excludat
416 573 487 596 cum
513 565 667 604 apostolo,

170 621 200 652 5.
226 620 345 653 Illusor
368 620 454 653 idem
479 619 591 663 adfuit,

230 668 357 709 Colliso,
383 669 418 700 in
443 677 503 708 quo
531 668 660 712 decipit,

228 715 431 748 Adveniente
455 716 566 756 angelo

229 763 345 796 Fidem
368 766 504 804 augente
527 764 657 803 populo.

853 223 884 255 6.
910 221 1001 254 Haec
1022 224 1088 254 tam
1113 222 1194 254 mira
1219 220 1392 253 scientibus

912 269 1054 303 Bissenis
1078 268 1257 302 civitatibus

915 318 1019 352 Undis
1044 316 1193 357 baptismi
1220 316 1336 350 deditis

915 365 956 397 Se
983 366 1103 397 cunctis
1129 365 1257 405 privant
1279 364 1386 398 idoliS.

855 424 886 456 7.
913 422 1041 463 Templi
1067 423 1203 455 cultores
1229 423 1316 455 illico

914 470 1067 511 Suscepto
1092 470 1270 511 patrocinio

913 517 1091 550 Excoriant
1112 519 1291 558 apostolum

913 564 975 597 Dei
1000 565 1190 598 clamantem
1213 564 1323 597 filium.

855 623 886 656 8.
911 621 1069 663 Rogemus
1096 631 1169 663 ergo
1198 623 1309 655 sedule

912 670 1044 702 Passum
1066 679 1125 710 pro
1152 670 1271 703 Christi
1294 671 1431 712 nomine,

911 717 958 750 Ut
981 726 1053 749 eum
1076 718 1281 751 exorantibus

910 764 1073 797 Medelam
1097 769 1240 806 praestet
1266 767 1421 799 omnibus.

244 847 330 876 Bmv.
356 857 410 876 ms.
435 849 544 876 Abias⁶
532 849 600 876 hae
626 850 659 876 111
684 848 838 885 Lepontiis
866 857 941 877 sace.
970 847 1041 877 Μ15.
1084 850 1153 879 Cod.
1173 851 1367 880 Ambrosiam.
1387 851 1417 879 X
1443 849 1479 879 22

168 894 231 922 sup.
254 886 291 913 A.
321 901 358 906 ——-
382 887 467 914 Brev.
488 886 717 914 Ambrosianum
742 889 810 923 imp.
832 887 994 915 Mediolani
1023 886 1106 916 1490
1126 889 1161 917 Β.
1188 904 1226 909 —-
1252 887 1282 924 1,
1302 889 1322 918 4
1348 891 1479 926 vagantis

167 924 201 952 B.
223 939 259 944 —
279 923 312 958 4,
334 923 354 952 4
372 924 542 953 Excludant
559 925 593 953 B.
616 939 653 944 —-
673 923 742 959 5,1
763 925 812 952 ide
830 925 864 953 B.
886 941 922 946 —-
943 925 975 959 5,
997 924 1017 954 4
1035 926 1107 954 File
1126 927 1185 955 AB
1206 943 1245 948 --
1265 926 1291 961 8,
1312 927 1332 956 4
1350 931 1482 965 praestet

168 962 241 990 fehlt
259 963 293 991 Β.

562 1074 608 1106 83.
639 1074 683 1106 De
703 1075 811 1106 sancto
831 1073 1083 1107 Bartholomaeo.

170 1165 201 1196 1.
229 1163 323 1195 Vitae
348 1172 438 1202 vena,
465 1163 520 1195 lux
545 1172 686 1203 amoena,

277 1210 382 1243 Decus
408 1211 562 1243 bonarum
585 1212 749 1251 mentium,

230 1258 332 1291 Nobis
359 1259 443 1290 dona
467 1259 552 1291 vitae
575 1258 668 1302 bona,

279 1305 458 1339 Christe
513 1306 763 1346 redemptor

570 1363 588 1386 o
597 1363 629 1385 m
639 1365 660 1386 n
669 1355 711 1386 iu
719 1364 760 1387 m.

172 1412 204 1444 2.
230 1410 290 1450 Qui
314 1412 495 1443 sanctorum
522 1411 687 1444 beatorum

274 1458 393 1491 Exstas
420 1467 538 1491 corona
560 1459 692 1502 gloriae,

228 1507 311 1545 Quos
347 1506 489 1547 decoras,
517 1515 594 1547 quos
619 1506 767 1550 honoras,

277 1553 586 1587 SummaeDeus
606 1555 796 1586 clemen-

568 1602 602 1634 ti
611 1612 631 1635 a
638 1611 665 1634 e.

170 1660 201 1693 3.
228 1659 407 1693 Jubilemus
435 1662 466 1691 et
489 1658 656 1692 laudemus

276 1707 555 1740 Bartholomaeum
582 1707 724 1748 vocibus,

229 1755 327 1788 Obori
354 1758 492 1795 cantent,
519 1763 628 1786 omnes
653 1755 795 1795 laudent,

276 1802 483 1835 Exsultet
519 1802 679 1835 coelum
703 1804 795 1835 lau-

571 1850 705 1883 dibus.

171 1908 204 1941 4.
230 1907 405 1948 Demptum
428 1908 536 1946 terris,
564 1907 673 1940 datum
700 1907 797 1940 coelis

279 1956 458 1989 Poenarum
486 1957 666 1988 monstrant
690 1964 796 1996 onera,

230 2004 317 2044 Quae
340 2003 492 2045 portavit,
519 2012 593 2035 nam
617 2003 754 2035 intravit

276 2053 448 2084 Aeterna
468 2051 614 2084 Christi
630 2059 796 2083 munera.

171 2112 201 2143 5.
229 2108 391 2142 Christum
407 2117 552 2151 sequens,
575 2110 711 2141 mortem
728 2108 797 2148 pel-

276 2206 365 2239 Pelle
388 2206 530 2239 nudatur
555 2157 700 2246 01ξέ5110,

228 2254 298 2286 Sibi
324 2253 428 2286 fertur
453 2256 487 2286 et
511 2251 677 2286 confertur

275 2303 468 2335 Aeterna
502 2302 617 2335 coeli
642 2302 794 2344 gloria

871 1164 901 1197 6.
931 1164 1026 1204 Cujus
1052 1173 1148 1204 prece
1171 1173 1229 1197 nos
1253 1175 1273 1197 a
1298 1163 1387 1197 faece

975 1211 1148 1252 Culparum
1172 1215 1261 1253 terge
1285 1213 1417 1245 coelitus

926 1259 972 1291 Et
994 1259 1131 1291 immitte
1153 1261 1268 1300 pignus
1293 1261 1378 1293 vitae

974 1307 1066 1339 Nun
1080 1316 1097 1338 c
1145 1311 1293 1339 sancte
1340 1309 1466 1341 nobis

1255 1365 1270 1387 s
1280 1365 1300 1396 p
1310 1356 1321 1387 i
1331 1356 1367 1388 ri
1378 1359 1391 1388 t
1401 1366 1419 1388 u
1430 1366 1455 1389 s.

870 1413 901 1444 7.
927 1411 1065 1444 Mortem
1093 1412 1174 1454 dele,
1201 1411 1300 1444 Satan
1321 1413 1415 1452 pelle,

973 1459 1167 1499 Agonit-heta
1191 1459 1318 1503 nobilis,

927 1507 994 1539 Nos
1019 1506 1157 1539 informa
1182 1507 1267 1540 vitae
1291 1517 1411 1549 norma,

974 1555 1157 1588 Consors
1198 1557 1371 1595 paterni
1415 1558 1479 1589 lu-

1254 1604 1335 1636 min
1345 1605 1356 1636 i
1366 1613 1391 1637 s.

869 1660 899 1693 8.
927 1659 973 1691 Te
1000 1659 1123 1700 devote,
1150 1661 1267 1692 mundo
1292 1664 1375 1701 note,

971 1707 1154 1750 Precamur,
1180 1711 1289 1740 sancte
1313 1710 1461 1748 monitor,

927 1754 994 1787 Nos
1018 1758 1188 1794 precantes
1214 1759 1246 1788 et
1271 1758 1439 1789 laudantes

974 1802 1103 1844 Audi,
1129 1803 1311 1845 benigne
1334 1806 1481 1838 condi-

1254 1855 1268 1882 t
1277 1861 1294 1884 O
1304 1862 1329 1885 r.

869 1909 901 1940 9.
928 1908 1144 1940 Jucundemur
1169 1911 1202 1940 et,
1224 1909 1378 1941 laetemur

974 1954 1024 1987 De
1048 1957 1130 1988 tanti
1154 1957 1257 1996 patris
1283 1967 1422 1990 munere,

925 2003 1030 2036 Melos
1057 2004 1165 2036 demus
1192 2007 1223 2036 et
1246 2008 1408 2038 cantemus

973 2050 1060 2083 Jam
1082 2052 1194 2084 lucis
1212 2055 1305 2085 orto
1323 2054 1480 2086 sidere.

856 2108 911 2141 10.
925 2108 962 2140 111
987 2106 1074 2141 felici
1099 2118 1197 2151 regno
1224 2109 1345 2143 Christi

973 2156 1135 2189 Summum
1161 2161 1275 2199 regnat
1290 2159 1477 2201 tripudium,

927 2205 993 2244 Quo
1016 2214 1073 2237 nos
1101 2206 1197 2238 ducas
1223 2210 1255 2238 et
1276 2207 1421 2248 inducas,

973 2253 1059 2285 Rex
1093 2254 1284 2295 gloriose
1317 2265 1349 2287 m
1362 2260 1459 2297 arty
1471 2276 1483 2280 -

1255 2313 1273 2336 r
1280 2314 1301 2335 u
1309 2313 1351 2336 m.

243 2388 283 2416 ΡΞ
286 2388 336 2415 alt.
364 2396 417 2415 ms.
437 2388 586 2415 Tarvisim
578 2396 628 2414 um
654 2396 730 2416 saec.
752 2385 830 2416 1‘3l14.
873 2386 940 2415 ced.
962 2385 1303 2424 Tawisin.(C›1umun)
1326 2386 1484 2418 255.a‹1f1.

167 2436 243 2455 saec.
267 2424 311 2454 14.
340 2441 378 2446 -—
398 2423 462 2460 8,1
486 2426 595 2453 mundi.
