<?xml version="1.0" encoding="UTF-8"?>
<!DOCTYPE html PUBLIC "-//W3C//DTD XHTML 1.0 Transitional//EN"
    "http://www.w3.org/TR/xhtml1/DTD/xhtml1-transitional.dtd">
<html xmlns="http://www.w3.org/1999/xhtml" xml:lang="en" lang="en">
 <head>
  <title>
</title>
<meta http-equiv="Content-Type" content="text/html;charset=utf-8" />
  <meta name='ocr-system' content='tesseract 3.04.00' />
  <meta name='ocr-capabilities' content='ocr_page ocr_carea ocr_par ocr_line ocrx_word'/>
</head>
<body>
  <div class='ocr_page' id='page_1' title='image "./analectahymnica22drevuoft_00209.png"; bbox 0 0 1651 2621; ppageno 0'>
   <div class='ocr_carea' id='block_1_1' title="bbox 432 257 463 289">
    <p class='ocr_par' dir='ltr' id='par_1_1' title="bbox 432 257 463 289">
     <span class='ocr_line' id='line_1_1' title="bbox 432 257 463 289; baseline -0.097 0"><span class='ocrx_word' id='word_1_1' title='bbox 432 257 463 289; x_wconf 89' lang='lat'>8.</span> 
     </span>
    </p>
   </div>
   <div class='ocr_carea' id='block_1_2' title="bbox 435 484 466 516">
    <p class='ocr_par' dir='ltr' id='par_1_2' title="bbox 435 484 466 516">
     <span class='ocr_line' id='line_1_2' title="bbox 435 484 466 516; baseline 0.032 -1"><span class='ocrx_word' id='word_1_2' title='bbox 435 484 466 516; x_wconf 88' lang='lat'>9.</span> 
     </span>
    </p>
   </div>
   <div class='ocr_carea' id='block_1_3' title="bbox 416 709 470 740">
    <p class='ocr_par' dir='ltr' id='par_1_3' title="bbox 416 709 470 740">
     <span class='ocr_line' id='line_1_3' title="bbox 416 709 470 740; baseline -0.019 0"><span class='ocrx_word' id='word_1_3' title='bbox 416 709 470 740; x_wconf 89' lang='lat'>10.</span> 
     </span>
    </p>
   </div>
   <div class='ocr_carea' id='block_1_4' title="bbox 416 932 470 964">
    <p class='ocr_par' dir='ltr' id='par_1_4' title="bbox 416 932 470 964">
     <span class='ocr_line' id='line_1_4' title="bbox 416 932 470 964; baseline 0 0"><span class='ocrx_word' id='word_1_4' title='bbox 416 932 470 964; x_wconf 86' lang='lat'>11.</span> 
     </span>
    </p>
   </div>
   <div class='ocr_carea' id='block_1_5' title="bbox 422 1156 477 1188">
    <p class='ocr_par' dir='ltr' id='par_1_5' title="bbox 422 1156 477 1188">
     <span class='ocr_line' id='line_1_5' title="bbox 422 1156 477 1188; baseline -0.018 0"><span class='ocrx_word' id='word_1_5' title='bbox 422 1156 477 1188; x_wconf 84' lang='lat'>12.</span> 
     </span>
    </p>
   </div>
   <div class='ocr_carea' id='block_1_6' title="bbox 425 1379 479 1413">
    <p class='ocr_par' dir='ltr' id='par_1_6' title="bbox 425 1379 479 1413">
     <span class='ocr_line' id='line_1_6' title="bbox 425 1379 479 1413; baseline 0.019 -1"><span class='ocrx_word' id='word_1_6' title='bbox 425 1379 479 1413; x_wconf 82' lang='lat'>13.</span> 
     </span>
    </p>
   </div>
   <div class='ocr_carea' id='block_1_7' title="bbox 426 1605 480 1637">
    <p class='ocr_par' dir='ltr' id='par_1_7' title="bbox 426 1605 480 1637">
     <span class='ocr_line' id='line_1_7' title="bbox 426 1605 480 1637; baseline -0.019 0"><span class='ocrx_word' id='word_1_7' title='bbox 426 1605 480 1637; x_wconf 85' lang='lat'>14.</span> 
     </span>
    </p>
   </div>
   <div class='ocr_carea' id='block_1_8' title="bbox 424 1830 477 1862">
    <p class='ocr_par' dir='ltr' id='par_1_8' title="bbox 424 1830 477 1862">
     <span class='ocr_line' id='line_1_8' title="bbox 424 1830 477 1862; baseline -0.019 0"><span class='ocrx_word' id='word_1_8' title='bbox 424 1830 477 1862; x_wconf 73' lang='lat'>⁴15.</span> 
     </span>
    </p>
   </div>
   <div class='ocr_carea' id='block_1_9' title="bbox 426 2053 478 2087">
    <p class='ocr_par' dir='ltr' id='par_1_9' title="bbox 426 2053 478 2087">
     <span class='ocr_line' id='line_1_9' title="bbox 426 2053 478 2087; baseline 0.038 -2"><span class='ocrx_word' id='word_1_9' title='bbox 426 2053 478 2087; x_wconf 82' lang='lat'>16.</span> 
     </span>
    </p>
   </div>
   <div class='ocr_carea' id='block_1_10' title="bbox 421 2270 475 2302">
    <p class='ocr_par' dir='ltr' id='par_1_10' title="bbox 421 2270 475 2302">
     <span class='ocr_line' id='line_1_10' title="bbox 421 2270 475 2302; baseline 0 0"><span class='ocrx_word' id='word_1_10' title='bbox 421 2270 475 2302; x_wconf 79' lang='lat'>17.</span> 
     </span>
    </p>
   </div>
   <div class='ocr_carea' id='block_1_11' title="bbox 738 156 992 190">
    <p class='ocr_par' dir='ltr' id='par_1_11' title="bbox 738 156 992 190">
     <span class='ocr_line' id='line_1_11' title="bbox 738 156 992 190; baseline -0.008 1"><span class='ocrx_word' id='word_1_11' title='bbox 738 156 992 190; x_wconf 84' lang='lat'>-206—</span> 
     </span>
    </p>
   </div>
   <div class='ocr_carea' id='block_1_12' title="bbox 486 251 1127 433">
    <p class='ocr_par' dir='ltr' id='par_1_12' title="bbox 536 251 948 295">
     <span class='ocr_line' id='line_1_12' title="bbox 536 251 948 295; baseline -0.012 -8"><span class='ocrx_word' id='word_1_12' title='bbox 536 255 607 287; x_wconf 87' lang='lat' dir='ltr'>Hoc</span> <span class='ocrx_word' id='word_1_13' title='bbox 631 254 744 295; x_wconf 84' lang='lat' dir='ltr'>Myrca</span> <span class='ocrx_word' id='word_1_14' title='bbox 764 251 948 291; x_wconf 76' lang='lat' dir='ltr'>metropolis</span> 
     </span>
    </p>

    <p class='ocr_par' dir='ltr' id='par_1_13' title="bbox 486 295 1116 388">
     <span class='ocr_line' id='line_1_13' title="bbox 486 295 1116 342; baseline -0.011 -8"><span class='ocrx_word' id='word_1_15' title='bbox 486 303 591 342; x_wconf 84' lang='lat' dir='ltr'>Digna</span> <span class='ocrx_word' id='word_1_16' title='bbox 614 301 790 341; x_wconf 79' lang='lat' dir='ltr'>promeruit</span> <span class='ocrx_word' id='word_1_17' title='bbox 812 299 960 339; x_wconf 80' lang='lat' dir='ltr'>praesule</span> <span class='ocrx_word' id='word_1_18' title='bbox 984 295 1116 337; x_wconf 87' lang='lat' dir='ltr'>perfrui,</span> 
     </span>
     <span class='ocr_line' id='line_1_14' title="bbox 536 346 940 388; baseline -0.012 -7"><span class='ocrx_word' id='word_1_19' title='bbox 536 349 634 388; x_wconf 74' lang='lat' dir='ltr'>Quem</span> <span class='ocrx_word' id='word_1_20' title='bbox 662 349 768 380; x_wconf 86' lang='lat' dir='ltr'>divina</span> <span class='ocrx_word' id='word_1_21' title='bbox 792 346 940 379; x_wconf 89' lang='lat' dir='ltr'>fidelibus</span> 
     </span>
    </p>

    <p class='ocr_par' dir='ltr' id='par_1_14' title="bbox 489 392 1127 433">
     <span class='ocr_line' id='line_1_15' title="bbox 489 392 1127 433; baseline -0.013 -4"><span class='ocrx_word' id='word_1_22' title='bbox 489 398 559 429; x_wconf 83' lang='lat' dir='ltr'>Vox</span> <span class='ocrx_word' id='word_1_23' title='bbox 584 396 693 427; x_wconf 84' lang='lat' dir='ltr'>audita</span> <span class='ocrx_word' id='word_1_24' title='bbox 717 395 781 426; x_wconf 90' lang='lat' dir='ltr'>suis</span> <span class='ocrx_word' id='word_1_25' title='bbox 805 394 910 433; x_wconf 85' lang='lat' dir='ltr'>signat</span> <span class='ocrx_word' id='word_1_26' title='bbox 934 392 1127 432; x_wconf 88' lang='lat' dir='ltr'>episcopum.</span> 
     </span>
    </p>
   </div>
   <div class='ocr_carea' id='block_1_13' title="bbox 490 477 1146 661">
    <p class='ocr_par' dir='ltr' id='par_1_15' title="bbox 492 477 1146 568">
     <span class='ocr_line' id='line_1_16' title="bbox 540 477 1018 521; baseline -0.013 -8"><span class='ocrx_word' id='word_1_27' title='bbox 540 481 725 521; x_wconf 79' lang='lat' dir='ltr'>compulsus</span> <span class='ocrx_word' id='word_1_28' title='bbox 750 478 897 519; x_wconf 82' lang='lat' dir='ltr'>precibus</span> <span class='ocrx_word' id='word_1_29' title='bbox 921 477 1018 508; x_wconf 85' lang='lat' dir='ltr'>maris</span> 
     </span>
     <span class='ocr_line' id='line_1_17' title="bbox 492 522 1146 568; baseline -0.014 -7"><span class='ocrx_word' id='word_1_30' title='bbox 492 527 688 568; x_wconf 86' lang='lat' dir='ltr'>Compressit</span> <span class='ocrx_word' id='word_1_31' title='bbox 713 526 804 558; x_wconf 88' lang='lat' dir='ltr'>citius</span> <span class='ocrx_word' id='word_1_32' title='bbox 829 524 949 565; x_wconf 82' lang='lat' dir='ltr'>grande</span> <span class='ocrx_word' id='word_1_33' title='bbox 973 522 1146 563; x_wconf 86' lang='lat' dir='ltr'>periculum</span> 
     </span>
    </p>

    <p class='ocr_par' dir='ltr' id='par_1_16' title="bbox 490 572 1099 661">
     <span class='ocr_line' id='line_1_18' title="bbox 537 572 998 614; baseline -0.013 -7"><span class='ocrx_word' id='word_1_34' title='bbox 537 575 582 607; x_wconf 79' lang='lat' dir='ltr'>Et</span> <span class='ocrx_word' id='word_1_35' title='bbox 605 576 701 614; x_wconf 85' lang='lat' dir='ltr'>ponto</span> <span class='ocrx_word' id='word_1_36' title='bbox 726 581 826 613; x_wconf 87' lang='lat' dir='ltr'>prope</span> <span class='ocrx_word' id='word_1_37' title='bbox 851 572 998 603; x_wconf 87' lang='lat' dir='ltr'>subrutos</span> 
     </span>
     <span class='ocr_line' id='line_1_19' title="bbox 490 617 1099 661; baseline -0.01 -8"><span class='ocrx_word' id='word_1_38' title='bbox 490 621 674 661; x_wconf 82' lang='lat' dir='ltr'>Tranquillo</span> <span class='ocrx_word' id='word_1_39' title='bbox 703 620 829 661; x_wconf 86' lang='lat' dir='ltr'>penitus</span> <span class='ocrx_word' id='word_1_40' title='bbox 854 618 996 650; x_wconf 81' lang='lat' dir='ltr'>restituit</span> <span class='ocrx_word' id='word_1_41' title='bbox 1019 617 1099 648; x_wconf 90' lang='lat' dir='ltr'>loco.</span> 
     </span>
    </p>
   </div>
   <div class='ocr_carea' id='block_1_14' title="bbox 492 703 1149 882">
    <p class='ocr_par' dir='ltr' id='par_1_17' title="bbox 492 703 1149 882">
     <span class='ocr_line' id='line_1_20' title="bbox 543 703 996 738; baseline -0.013 0"><span class='ocrx_word' id='word_1_42' title='bbox 543 706 657 738; x_wconf 80' lang='lat' dir='ltr'>Nautis</span> <span class='ocrx_word' id='word_1_43' title='bbox 682 705 727 736; x_wconf 91' lang='lat' dir='ltr'>nil</span> <span class='ocrx_word' id='word_1_44' title='bbox 751 704 863 736; x_wconf 86' lang='lat' dir='ltr'>minuit</span> <span class='ocrx_word' id='word_1_45' title='bbox 889 703 996 734; x_wconf 87' lang='lat' dir='ltr'>datum</span> 
     </span>
     <span class='ocr_line' id='line_1_21' title="bbox 492 748 1149 793; baseline -0.012 -8"><span class='ocrx_word' id='word_1_46' title='bbox 492 754 635 793; x_wconf 85' lang='lat' dir='ltr'>Angusto</span> <span class='ocrx_word' id='word_1_47' title='bbox 660 751 752 783; x_wconf 84' lang='lat' dir='ltr'>famis</span> <span class='ocrx_word' id='word_1_48' title='bbox 776 752 809 782; x_wconf 94' lang='lat' dir='ltr'>in</span> <span class='ocrx_word' id='word_1_49' title='bbox 836 754 978 789; x_wconf 90' lang='lat' dir='ltr'>tempore</span> <span class='ocrx_word' id='word_1_50' title='bbox 1001 748 1149 787; x_wconf 88' lang='lat' dir='ltr'>triticum,</span> 
     </span>
     <span class='ocr_line' id='line_1_22' title="bbox 541 797 967 838; baseline -0.012 -7"><span class='ocrx_word' id='word_1_51' title='bbox 541 800 603 831; x_wconf 87' lang='lat' dir='ltr'>Sed</span> <span class='ocrx_word' id='word_1_52' title='bbox 628 807 687 838; x_wconf 90' lang='lat' dir='ltr'>per</span> <span class='ocrx_word' id='word_1_53' title='bbox 708 799 783 838; x_wconf 85' lang='lat' dir='ltr'>juge</span> <span class='ocrx_word' id='word_1_54' title='bbox 806 797 967 829; x_wconf 88' lang='lat' dir='ltr'>biennium</span> 
     </span>
     <span class='ocr_line' id='line_1_23' title="bbox 496 841 1110 882; baseline -0.01 -5"><span class='ocrx_word' id='word_1_55' title='bbox 496 846 622 878; x_wconf 85' lang='lat' dir='ltr'>Cunctis</span> <span class='ocrx_word' id='word_1_56' title='bbox 651 846 711 876; x_wconf 89' lang='lat' dir='ltr'>hoc</span> <span class='ocrx_word' id='word_1_57' title='bbox 734 844 839 876; x_wconf 80' lang='lat' dir='ltr'>fuerat</span> <span class='ocrx_word' id='word_1_58' title='bbox 864 843 954 882; x_wconf 80' lang='lat' dir='ltr'>copia</span> <span class='ocrx_word' id='word_1_59' title='bbox 980 841 1110 873; x_wconf 88' lang='lat' dir='ltr'>civibus.</span> 
     </span>
    </p>
   </div>
   <div class='ocr_carea' id='block_1_15' title="bbox 495 927 1181 1109">
    <p class='ocr_par' dir='ltr' id='par_1_18' title="bbox 542 927 998 962">
     <span class='ocr_line' id='line_1_24' title="bbox 542 927 998 962; baseline -0.011 0"><span class='ocrx_word' id='word_1_60' title='bbox 542 930 652 962; x_wconf 87' lang='lat' dir='ltr'>Hostis</span> <span class='ocrx_word' id='word_1_61' title='bbox 677 928 841 960; x_wconf 87' lang='lat' dir='ltr'>fraudibus</span> <span class='ocrx_word' id='word_1_62' title='bbox 867 927 998 959; x_wconf 84' lang='lat' dir='ltr'>obvians</span> 
     </span>
    </p>

    <p class='ocr_par' dir='ltr' id='par_1_19' title="bbox 495 971 1096 1061">
     <span class='ocr_line' id='line_1_25' title="bbox 495 971 1096 1015; baseline -0.008 -7"><span class='ocrx_word' id='word_1_63' title='bbox 495 977 621 1009; x_wconf 84' lang='lat' dir='ltr'>Vetusti</span> <span class='ocrx_word' id='word_1_64' title='bbox 644 977 756 1015; x_wconf 85' lang='lat' dir='ltr'>pelago</span> <span class='ocrx_word' id='word_1_65' title='bbox 781 984 837 1007; x_wconf 88' lang='lat' dir='ltr'>vas</span> <span class='ocrx_word' id='word_1_66' title='bbox 863 975 965 1006; x_wconf 88' lang='lat' dir='ltr'>oleum</span> <span class='ocrx_word' id='word_1_67' title='bbox 989 971 1096 1004; x_wconf 84' lang='lat' dir='ltr'>ferens</span> 
     </span>
     <span class='ocr_line' id='line_1_26' title="bbox 543 1022 905 1061; baseline -0.008 -6"><span class='ocrx_word' id='word_1_68' title='bbox 543 1022 673 1055; x_wconf 85' lang='lat' dir='ltr'>Effundi</span> <span class='ocrx_word' id='word_1_69' title='bbox 694 1022 786 1061; x_wconf 76' lang='lat' dir='ltr'>Jubet</span> <span class='ocrx_word' id='word_1_70' title='bbox 810 1022 905 1060; x_wconf 90' lang='lat' dir='ltr'>ocius,</span> 
     </span>
    </p>

    <p class='ocr_par' dir='ltr' id='par_1_20' title="bbox 496 1065 1181 1109">
     <span class='ocr_line' id='line_1_27' title="bbox 496 1065 1181 1109; baseline -0.006 -8"><span class='ocrx_word' id='word_1_71' title='bbox 496 1071 585 1109; x_wconf 76' lang='lat' dir='ltr'>Quod</span> <span class='ocrx_word' id='word_1_72' title='bbox 612 1069 782 1101; x_wconf 89' lang='lat' dir='ltr'>combussit</span> <span class='ocrx_word' id='word_1_73' title='bbox 806 1076 906 1108; x_wconf 84' lang='lat' dir='ltr'>aquae</span> <span class='ocrx_word' id='word_1_74' title='bbox 929 1066 1092 1098; x_wconf 82' lang='lat' dir='ltr'>materiem</span> <span class='ocrx_word' id='word_1_75' title='bbox 1120 1065 1181 1097; x_wconf 86' lang='lat' dir='ltr'>diu.</span> 
     </span>
    </p>
   </div>
   <div class='ocr_carea' id='block_1_16' title="bbox 496 1154 1192 1333">
    <p class='ocr_par' dir='ltr' id='par_1_21' title="bbox 549 1154 979 1193">
     <span class='ocr_line' id='line_1_28' title="bbox 549 1154 979 1193; baseline -0.005 -7"><span class='ocrx_word' id='word_1_76' title='bbox 549 1155 626 1186; x_wconf 85' lang='lat' dir='ltr'>Post</span> <span class='ocrx_word' id='word_1_77' title='bbox 647 1162 750 1193; x_wconf 83' lang='lat' dir='ltr'>poena</span> <span class='ocrx_word' id='word_1_78' title='bbox 773 1154 884 1193; x_wconf 84' lang='lat' dir='ltr'>capitis</span> <span class='ocrx_word' id='word_1_79' title='bbox 910 1161 979 1184; x_wconf 86' lang='lat' dir='ltr'>reos</span> 
     </span>
    </p>

    <p class='ocr_par' dir='ltr' id='par_1_22' title="bbox 498 1198 1145 1287">
     <span class='ocr_line' id='line_1_29' title="bbox 498 1198 1145 1239; baseline -0.008 -6"><span class='ocrx_word' id='word_1_80' title='bbox 498 1202 577 1233; x_wconf 87' lang='lat' dir='ltr'>Tres</span> <span class='ocrx_word' id='word_1_81' title='bbox 602 1211 621 1233; x_wconf 87' lang='lat' dir='ltr'>a</span> <span class='ocrx_word' id='word_1_82' title='bbox 645 1204 746 1232; x_wconf 89' lang='lat' dir='ltr'>morte</span> <span class='ocrx_word' id='word_1_83' title='bbox 771 1201 857 1232; x_wconf 86' lang='lat' dir='ltr'>viros</span> <span class='ocrx_word' id='word_1_84' title='bbox 883 1200 977 1239; x_wconf 89' lang='lat' dir='ltr'>eripit</span> <span class='ocrx_word' id='word_1_85' title='bbox 1000 1198 1145 1238; x_wconf 84' lang='lat' dir='ltr'>impiger,</span> 
     </span>
     <span class='ocr_line' id='line_1_30' title="bbox 546 1247 982 1287; baseline -0.007 -7"><span class='ocrx_word' id='word_1_86' title='bbox 546 1249 642 1287; x_wconf 83' lang='lat' dir='ltr'>Cujus</span> <span class='ocrx_word' id='word_1_87' title='bbox 666 1255 799 1286; x_wconf 88' lang='lat' dir='ltr'>namque</span> <span class='ocrx_word' id='word_1_88' title='bbox 822 1247 982 1286; x_wconf 84' lang='lat' dir='ltr'>potentiae</span> 
     </span>
    </p>

    <p class='ocr_par' dir='ltr' id='par_1_23' title="bbox 496 1292 1192 1333">
     <span class='ocr_line' id='line_1_31' title="bbox 496 1292 1192 1333; baseline -0.006 -7"><span class='ocrx_word' id='word_1_89' title='bbox 496 1295 540 1327; x_wconf 82' lang='lat' dir='ltr'>Et</span> <span class='ocrx_word' id='word_1_90' title='bbox 565 1295 690 1326; x_wconf 85' lang='lat' dir='ltr'>clausae</span> <span class='ocrx_word' id='word_1_91' title='bbox 712 1292 832 1325; x_wconf 82' lang='lat' dir='ltr'>bifores</span> <span class='ocrx_word' id='word_1_92' title='bbox 857 1297 969 1333; x_wconf 88' lang='lat' dir='ltr'>sponte</span> <span class='ocrx_word' id='word_1_93' title='bbox 993 1301 1051 1324; x_wconf 87' lang='lat' dir='ltr'>sua</span> <span class='ocrx_word' id='word_1_94' title='bbox 1075 1294 1192 1331; x_wconf 80' lang='lat' dir='ltr'>patent.</span> 
     </span>
    </p>
   </div>
   <div class='ocr_carea' id='block_1_17' title="bbox 498 1377 1183 1558">
    <p class='ocr_par' dir='ltr' id='par_1_24' title="bbox 498 1377 1183 1558">
     <span class='ocr_line' id='line_1_32' title="bbox 550 1377 1037 1411; baseline -0.006 0"><span class='ocrx_word' id='word_1_95' title='bbox 550 1380 589 1411; x_wconf 87' lang='lat' dir='ltr'>In</span> <span class='ocrx_word' id='word_1_96' title='bbox 613 1379 729 1410; x_wconf 89' lang='lat' dir='ltr'>somnis</span> <span class='ocrx_word' id='word_1_97' title='bbox 753 1378 846 1409; x_wconf 88' lang='lat' dir='ltr'>modo</span> <span class='ocrx_word' id='word_1_98' title='bbox 873 1377 1037 1409; x_wconf 86' lang='lat' dir='ltr'>Caesarem</span> 
     </span>
     <span class='ocr_line' id='line_1_33' title="bbox 498 1423 1147 1465; baseline -0.005 -8"><span class='ocrx_word' id='word_1_99' title='bbox 498 1426 741 1465; x_wconf 82' lang='lat' dir='ltr'>Exarchumque</span> <span class='ocrx_word' id='word_1_100' title='bbox 764 1424 857 1456; x_wconf 88' lang='lat' dir='ltr'>modo</span> <span class='ocrx_word' id='word_1_101' title='bbox 878 1424 1005 1455; x_wconf 86' lang='lat' dir='ltr'>territat</span> <span class='ocrx_word' id='word_1_102' title='bbox 1029 1423 1147 1455; x_wconf 82' lang='lat' dir='ltr'>acriter</span> 
     </span>
     <span class='ocr_line' id='line_1_34' title="bbox 547 1472 990 1511; baseline -0.005 -7"><span class='ocrx_word' id='word_1_103' title='bbox 547 1472 590 1504; x_wconf 84' lang='lat' dir='ltr'>Et</span> <span class='ocrx_word' id='word_1_104' title='bbox 616 1472 709 1503; x_wconf 89' lang='lat' dir='ltr'>valde</span> <span class='ocrx_word' id='word_1_105' title='bbox 733 1472 854 1511; x_wconf 90' lang='lat' dir='ltr'>positus</span> <span class='ocrx_word' id='word_1_106' title='bbox 879 1472 990 1510; x_wconf 89' lang='lat' dir='ltr'>procul</span> 
     </span>
     <span class='ocr_line' id='line_1_35' title="bbox 501 1517 1183 1558; baseline -0.004 -7"><span class='ocrx_word' id='word_1_107' title='bbox 501 1520 598 1552; x_wconf 89' lang='lat' dir='ltr'>Pellit</span> <span class='ocrx_word' id='word_1_108' title='bbox 621 1522 714 1558; x_wconf 84' lang='lat' dir='ltr'>parta</span> <span class='ocrx_word' id='word_1_109' title='bbox 738 1518 833 1549; x_wconf 90' lang='lat' dir='ltr'>trium</span> <span class='ocrx_word' id='word_1_110' title='bbox 857 1517 970 1550; x_wconf 86' lang='lat' dir='ltr'>funera</span> <span class='ocrx_word' id='word_1_111' title='bbox 995 1517 1183 1557; x_wconf 83' lang='lat' dir='ltr'>principum.</span> 
     </span>
    </p>
   </div>
   <div class='ocr_carea' id='block_1_18' title="bbox 498 1602 1197 1783">
    <p class='ocr_par' dir='ltr' id='par_1_25' title="bbox 552 1602 862 1642">
     <span class='ocr_line' id='line_1_36' title="bbox 552 1602 862 1642; baseline -0.003 -8"><span class='ocrx_word' id='word_1_112' title='bbox 552 1603 683 1635; x_wconf 82' lang='lat' dir='ltr'>Nicolae</span> <span class='ocrx_word' id='word_1_113' title='bbox 708 1602 862 1642; x_wconf 83' lang='lat' dir='ltr'>salutifer,</span> 
     </span>
    </p>

    <p class='ocr_par' dir='ltr' id='par_1_26' title="bbox 501 1649 1109 1729">
     <span class='ocr_line' id='line_1_37' title="bbox 501 1649 1109 1689; baseline -0.002 -8"><span class='ocrx_word' id='word_1_114' title='bbox 501 1651 547 1682; x_wconf 85' lang='lat' dir='ltr'>Et</span> <span class='ocrx_word' id='word_1_115' title='bbox 573 1653 660 1681; x_wconf 84' lang='lat' dir='ltr'>tutor</span> <span class='ocrx_word' id='word_1_116' title='bbox 684 1649 811 1681; x_wconf 85' lang='lat' dir='ltr'>famulis</span> <span class='ocrx_word' id='word_1_117' title='bbox 835 1652 901 1681; x_wconf 83' lang='lat' dir='ltr'>esto</span> <span class='ocrx_word' id='word_1_118' title='bbox 925 1650 1109 1689; x_wconf 85' lang='lat' dir='ltr'>perenniter</span> 
     </span>
     <span class='ocr_line' id='line_1_38' title="bbox 548 1697 989 1729; baseline -0.005 0"><span class='ocrx_word' id='word_1_119' title='bbox 548 1697 676 1729; x_wconf 86' lang='lat' dir='ltr'>Cunctis</span> <span class='ocrx_word' id='word_1_120' title='bbox 700 1700 731 1728; x_wconf 89' lang='lat' dir='ltr'>te</span> <span class='ocrx_word' id='word_1_121' title='bbox 757 1697 989 1728; x_wconf 80' lang='lat' dir='ltr'>celebrantibus</span> 
     </span>
    </p>

    <p class='ocr_par' dir='ltr' id='par_1_27' title="bbox 498 1742 1197 1783">
     <span class='ocr_line' id='line_1_39' title="bbox 498 1742 1197 1783; baseline 0 -7"><span class='ocrx_word' id='word_1_122' title='bbox 498 1745 568 1777; x_wconf 89' lang='lat' dir='ltr'>Hoc</span> <span class='ocrx_word' id='word_1_123' title='bbox 597 1742 677 1775; x_wconf 80' lang='lat' dir='ltr'>festo</span> <span class='ocrx_word' id='word_1_124' title='bbox 702 1744 837 1783; x_wconf 88' lang='lat' dir='ltr'>placidis</span> <span class='ocrx_word' id='word_1_125' title='bbox 864 1753 931 1775; x_wconf 88' lang='lat' dir='ltr'>cum</span> <span class='ocrx_word' id='word_1_126' title='bbox 956 1743 1016 1775; x_wconf 90' lang='lat' dir='ltr'>tibi</span> <span class='ocrx_word' id='word_1_127' title='bbox 1039 1743 1197 1776; x_wconf 71' lang='lat' dir='ltr'>laudibus</span> 
     </span>
    </p>
   </div>
   <div class='ocr_carea' id='block_1_19' title="bbox 498 1828 1147 2002">
    <p class='ocr_par' dir='ltr' id='par_1_28' title="bbox 549 1828 916 1868">
     <span class='ocr_line' id='line_1_40' title="bbox 549 1828 916 1868; baseline 0 -9"><span class='ocrx_word' id='word_1_128' title='bbox 549 1828 596 1859; x_wconf 89' lang='lat' dir='ltr'>Te</span> <span class='ocrx_word' id='word_1_129' title='bbox 618 1828 806 1859; x_wconf 87' lang='lat' dir='ltr'>mirabiliter</span> <span class='ocrx_word' id='word_1_130' title='bbox 832 1828 916 1868; x_wconf 82' lang='lat' dir='ltr'>colit,</span> 
     </span>
    </p>

    <p class='ocr_par' dir='ltr' id='par_1_29' title="bbox 498 1874 1147 1954">
     <span class='ocr_line' id='line_1_41' title="bbox 498 1874 1147 1918; baseline 0 -12"><span class='ocrx_word' id='word_1_131' title='bbox 498 1875 634 1915; x_wconf 81' lang='lat' dir='ltr'>Laudat,</span> <span class='ocrx_word' id='word_1_132' title='bbox 659 1874 839 1915; x_wconf 81' lang='lat' dir='ltr'>magnificat</span> <span class='ocrx_word' id='word_1_133' title='bbox 864 1874 999 1907; x_wconf 82' lang='lat' dir='ltr'>Graecia</span> <span class='ocrx_word' id='word_1_134' title='bbox 1020 1875 1147 1918; x_wconf 80' lang='lat' dir='ltr'>nobilis,</span> 
     </span>
     <span class='ocr_line' id='line_1_42' title="bbox 544 1922 978 1954; baseline 0.002 -1"><span class='ocrx_word' id='word_1_135' title='bbox 544 1923 644 1954; x_wconf 86' lang='lat' dir='ltr'>Immo</span> <span class='ocrx_word' id='word_1_136' title='bbox 669 1923 765 1953; x_wconf 84' lang='lat' dir='ltr'>totius</span> <span class='ocrx_word' id='word_1_137' title='bbox 790 1922 875 1954; x_wconf 90' lang='lat' dir='ltr'>orbis</span> <span class='ocrx_word' id='word_1_138' title='bbox 900 1923 978 1954; x_wconf 85' lang='lat' dir='ltr'>haec</span> 
     </span>
    </p>

    <p class='ocr_par' dir='ltr' id='par_1_30' title="bbox 500 1969 1129 2002">
     <span class='ocr_line' id='line_1_43' title="bbox 500 1969 1129 2002; baseline 0.002 -1"><span class='ocrx_word' id='word_1_139' title='bbox 500 1969 626 2001; x_wconf 82' lang='lat' dir='ltr'>Gaudet</span> <span class='ocrx_word' id='word_1_140' title='bbox 648 1972 732 2001; x_wconf 83' lang='lat' dir='ltr'>meta</span> <span class='ocrx_word' id='word_1_141' title='bbox 755 1969 815 2000; x_wconf 88' lang='lat' dir='ltr'>tibi</span> <span class='ocrx_word' id='word_1_142' title='bbox 840 1979 969 2002; x_wconf 87' lang='lat' dir='ltr'>munera</span> <span class='ocrx_word' id='word_1_143' title='bbox 997 1971 1129 2002; x_wconf 89' lang='lat' dir='ltr'>solvere.</span> 
     </span>
    </p>
   </div>
   <div class='ocr_carea' id='block_1_20' title="bbox 500 2053 1266 2236">
    <p class='ocr_par' dir='ltr' id='par_1_31' title="bbox 554 2053 1000 2093">
     <span class='ocr_line' id='line_1_44' title="bbox 554 2053 1000 2093; baseline 0 -8"><span class='ocrx_word' id='word_1_144' title='bbox 554 2053 667 2085; x_wconf 82' lang='lat' dir='ltr'>Mundi</span> <span class='ocrx_word' id='word_1_145' title='bbox 691 2053 792 2084; x_wconf 84' lang='lat' dir='ltr'>Roma</span> <span class='ocrx_word' id='word_1_146' title='bbox 817 2057 912 2093; x_wconf 87' lang='lat' dir='ltr'>caput</span> <span class='ocrx_word' id='word_1_147' title='bbox 935 2054 1000 2086; x_wconf 88' lang='lat' dir='ltr'>suis</span> 
     </span>
    </p>

    <p class='ocr_par' dir='ltr' id='par_1_32' title="bbox 501 2100 1181 2187">
     <span class='ocr_line' id='line_1_45' title="bbox 501 2100 1181 2144; baseline 0.003 -12"><span class='ocrx_word' id='word_1_148' title='bbox 501 2100 674 2140; x_wconf 82' lang='lat' dir='ltr'>Aequalem</span> <span class='ocrx_word' id='word_1_149' title='bbox 705 2100 845 2132; x_wconf 82' lang='lat' dir='ltr'>celebrat</span> <span class='ocrx_word' id='word_1_150' title='bbox 869 2110 993 2140; x_wconf 88' lang='lat' dir='ltr'>semper</span> <span class='ocrx_word' id='word_1_151' title='bbox 1018 2102 1181 2144; x_wconf 85' lang='lat' dir='ltr'>apostoliS,</span> 
     </span>
     <span class='ocr_line' id='line_1_46' title="bbox 549 2147 965 2187; baseline 0.005 -9"><span class='ocrx_word' id='word_1_152' title='bbox 549 2147 643 2186; x_wconf 85' lang='lat' dir='ltr'>Cujus</span> <span class='ocrx_word' id='word_1_153' title='bbox 670 2147 782 2179; x_wconf 86' lang='lat' dir='ltr'>crebra</span> <span class='ocrx_word' id='word_1_154' title='bbox 802 2148 965 2187; x_wconf 82' lang='lat' dir='ltr'>J&#39;uvamina</span> 
     </span>
    </p>

    <p class='ocr_par' dir='ltr' id='par_1_33' title="bbox 500 2194 1266 2236">
     <span class='ocr_line' id='line_1_47' title="bbox 500 2194 1266 2236; baseline 0.004 -11"><span class='ocrx_word' id='word_1_155' title='bbox 500 2194 570 2226; x_wconf 82' lang='lat' dir='ltr'>Non</span> <span class='ocrx_word' id='word_1_156' title='bbox 596 2195 703 2226; x_wconf 87' lang='lat' dir='ltr'>multis</span> <span class='ocrx_word' id='word_1_157' title='bbox 728 2195 876 2234; x_wconf 82' lang='lat' dir='ltr'>precibus</span> <span class='ocrx_word' id='word_1_158' title='bbox 902 2197 1024 2235; x_wconf 86' lang='lat' dir='ltr'>quaerit</span> <span class='ocrx_word' id='word_1_159' title='bbox 1048 2199 1082 2228; x_wconf 87' lang='lat' dir='ltr'>et</span> <span class='ocrx_word' id='word_1_160' title='bbox 1104 2196 1266 2236; x_wconf 83' lang='lat' dir='ltr'>impetrat.</span> 
     </span>
    </p>
   </div>
   <div class='ocr_carea' id='block_1_21' title="bbox 499 2270 1204 2456">
    <p class='ocr_par' dir='ltr' id='par_1_34' title="bbox 499 2270 1204 2456">
     <span class='ocr_line' id='line_1_48' title="bbox 549 2270 1082 2308; baseline 0.006 -7"><span class='ocrx_word' id='word_1_161' title='bbox 549 2270 624 2308; x_wconf 78' lang='lat' dir='ltr'>Quis</span> <span class='ocrx_word' id='word_1_162' title='bbox 648 2279 710 2302; x_wconf 89' lang='lat' dir='ltr'>non</span> <span class='ocrx_word' id='word_1_163' title='bbox 737 2271 865 2303; x_wconf 87' lang='lat' dir='ltr'>duceret</span> <span class='ocrx_word' id='word_1_164' title='bbox 890 2271 974 2303; x_wconf 88' lang='lat' dir='ltr'>hunc</span> <span class='ocrx_word' id='word_1_165' title='bbox 999 2273 1082 2304; x_wconf 88' lang='lat' dir='ltr'>diem</span> 
     </span>
     <span class='ocr_line' id='line_1_49' title="bbox 499 2317 1204 2361; baseline 0.004 -12"><span class='ocrx_word' id='word_1_166' title='bbox 499 2317 628 2349; x_wconf 84' lang='lat' dir='ltr'>Festum</span> <span class='ocrx_word' id='word_1_167' title='bbox 654 2318 725 2357; x_wconf 88' lang='lat' dir='ltr'>plus</span> <span class='ocrx_word' id='word_1_168' title='bbox 751 2318 890 2361; x_wconf 88' lang='lat' dir='ltr'>reliquis,</span> <span class='ocrx_word' id='word_1_169' title='bbox 918 2327 987 2351; x_wconf 89' lang='lat' dir='ltr'>cum</span> <span class='ocrx_word' id='word_1_170' title='bbox 1011 2320 1204 2360; x_wconf 86' lang='lat' dir='ltr'>genitoribus</span> 
     </span>
     <span class='ocr_line' id='line_1_50' title="bbox 550 2365 1016 2399; baseline 0.006 -3"><span class='ocrx_word' id='word_1_171' title='bbox 550 2365 650 2397; x_wconf 83' lang='lat' dir='ltr'>Natos</span> <span class='ocrx_word' id='word_1_172' title='bbox 676 2366 785 2398; x_wconf 88' lang='lat' dir='ltr'>reddit</span> <span class='ocrx_word' id='word_1_173' title='bbox 809 2366 848 2397; x_wconf 89' lang='lat' dir='ltr'>ab</span> <span class='ocrx_word' id='word_1_174' title='bbox 873 2366 1016 2399; x_wconf 89' lang='lat' dir='ltr'>hostibus</span> 
     </span>
     <span class='ocr_line' id='line_1_51' title="bbox 500 2413 1081 2456; baseline 0.005 -12"><span class='ocrx_word' id='word_1_175' title='bbox 500 2413 621 2452; x_wconf 85' lang='lat' dir='ltr'>Raptos</span> <span class='ocrx_word' id='word_1_176' title='bbox 646 2413 688 2445; x_wconf 89' lang='lat' dir='ltr'>ad</span> <span class='ocrx_word' id='word_1_177' title='bbox 713 2413 793 2445; x_wconf 85' lang='lat' dir='ltr'>varii</span> <span class='ocrx_word' id='word_1_178' title='bbox 818 2414 940 2446; x_wconf 88' lang='lat' dir='ltr'>servitii</span> <span class='ocrx_word' id='word_1_179' title='bbox 962 2415 1081 2456; x_wconf 81' lang='lat' dir='ltr'>jugum,</span> 
     </span>
    </p>
   </div>
  </div>
 </body>
</html>
