1653 2622
199 2265 205 2271 .
233 2238 311 2270 Dies
336 2245 472 2278 vergens
499 2236 540 2269 ad
567 2245 714 2269 occasum

233 2285 316 2318 Solis
342 2287 415 2317 rota
441 2284 624 2318 declinante

232 2333 448 2372 Vesperorum
475 2333 581 2373 signat
604 2342 711 2365 casum

233 2379 325 2414 Urbe
349 2382 419 2411 tota
440 2380 639 2420 Jucundante

279 2428 419 2467 Propter
441 2427 613 2460 adventum
634 2428 804 2469 praesulis,

710 145 970 181 —271—

618 236 683 268 457.
717 238 761 269 De
781 240 892 271 sancta
917 240 1065 273 Tuscana.

476 304 506 337 1.
534 306 593 337 Pia
617 307 771 346 Toscana,
799 310 905 342 ordini
929 311 1038 343 oblata

537 352 648 386 Sancti
670 356 691 388 J
693 356 828 389 ohannis
852 358 873 390 J
875 358 1114 401 erosolimitani‚

533 400 640 434 Hodie
664 403 749 435 laeta
773 405 889 436 meruit
910 405 1030 438 athleta

582 449 746 482 Scandere
771 453 902 484 coelum.

475 506 506 537 2.
535 506 611 538 Vita
637 506 709 539 dum
734 517 898 548 praesenS,
924 509 1035 541 limina
1060 512 1241 541 sanctorum

532 553 651 586 Visitat
673 554 746 593 ipsa
769 554 893 587 furibus
917 564 1096 594 occur-rene,

528 600 738 641 Exspoliatur
763 602 931 641 chlamyde
955 605 1081 634 sacrata

578 649 679 681 Cruce
705 652 858 681 contecta.

470 705 500 737 3.
528 705 626 743 Quam
652 704 831 736 dividentes
857 704 926 735 dire
953 706 1136 736 coartantur

527 751 644 783 Manus
667 751 809 790 ipsorum
834 752 1086 791 temerariorum,

524 798 578 829 Ad
605 799 692 838 cujus
716 799 816 837 pedes
841 798 898 830 sed
924 799 1138 830 restituuntur

572 845 726 877 Famulae
752 845 883 878 Christi.

462 902 494 933 4.
521 902 575 933 Ad
600 911 725 933 sacrum
753 903 842 942 qu'us
867 903 1022 935 tumulum
1048 901 1233 944 frequenter

522 949 602 980 Visa
625 951 700 981 sunt
725 951 825 982 multa
848 951 971 982 lumina
997 951 1036 983 de
1063 952 1159 995 coelo,

524 995 625 1028 Simul
651 1000 682 1028 et
708 1001 818 1030 cantus
844 999 968 1039 pariter
993 998 1095 1031 auditi

571 1045 731 1085 Tempore
755 1047 867 1078 noctis.

464 1102 495 1133 5.
524 1101 646 1142 Corpus
672 1102 764 1141 plebs
792 1104 880 1143 cujus
905 1104 947 1136 ad
974 1105 1064 1146 signa
1088 1107 1248 1143 gestorum

526 1148 635 1190 Surgit
661 1149 776 1182 devote
800 1151 915 1191 pieque
939 1151 1088 1183 recondit

525 1196 616 1229 Intra
641 1197 810 1236 Sepulchri
836 1198 1004 1230 ecclesiam
1030 1199 1133 1230 sancti

571 1244 737 1277 Laudibus
763 1246 865 1280 almis,

468 1301 500 1332 6.
528 1300 614 1333 Voce
640 1310 800 1343 praecona
822 1303 960 1343 pervigil
986 1302 1120 1334 antistes

526 1349 602 1382 Una
628 1358 698 1381 cum
724 1349 808 1381 clero
835 1358 946 1382 sacrae
970 1350 1155 1390 sepulturae

527 1397 699 1437 ipsamque
726 1396 831 1429 defert
855 1398 944 1429 miris
970 1397 1158 1438 adprobatis

571 1444 722 1476 Manibus
747 1445 822 1479 suis,

468 1501 486 1532 ’7
493 1527 500 1534 .
528 1500 625 1540 Cujus
650 1500 783 1533 obtentu
807 1501 903 1534 modo
928 1502 1059 1534 sanitati

525 1549 674 1581 Membra
698 1549 913 1590 languentum,
940 1548 1069 1581 fuerant
1093 1553 1226 1590 gravata

527 1596 676 1635 Quolibet
698 1597 821 1637 morbo,
848 1598 1090 1630 consolidantur

572 1645 702 1685 Integre
725 1654 792 1679 sua.

466 1702 498 1734 8.
526 1700 577 1732 Sit
599 1701 670 1733 laus
694 1701 753 1745 illi,
783 1702 880 1734 decus
905 1705 1001 1742 atque
1024 1701 1136 1742 virtus,

524 1748 584 1788 Qui
608 1758 708 1790 supra
732 1759 842 1782 sexum
867 1748 1014 1790 fragilem
1042 1750 1174 1782 donavit

524 1796 621 1830 Istius
646 1798 757 1829 mundi
782 1807 865 1830 vana
891 1807 1044 1838 superare

571 1845 683 1885 Usque
707 1845 741 1877 in
765 1844 872 1878 finem.

253 1910 324 1939 cod.
348 1909 443 1946 Capit.
464 1909 610 1937 Keronen.
641 1907 703 1938 113.
733 1919 808 1939 saec.
837 1908 880 1938 16.
903 1925 939 1929 -
961 1910 1112 1938 Abschrift
1132 1918 1186 1937 aus
1208 1909 1327 1943 tilterun,
1352 1910 1419 1937 aber
1445 1919 1491 1936 2111-

171 1950 343 1984 genannten
373 1945 515 1982 Quellen3
547 1948 593 1976 die
623 1950 663 1976 im
689 1949 825 1984 Hymnus
854 1949 1001 1976 erwiihnte
1028 1949 1220 1977 Translafion
1247 1948 1317 1975 fand
1343 1950 1415 1975 statt
1440 1948 1496 1975 den

174 1986 220 2015 29.
236 1988 317 2024 Sept.
341 1984 424 2015 1344.
440 2000 476 2005 —-
492 1983 520 2021 3,
541 1984 559 2014 3
579 1987 653 2015 fehlt
673 1989 738 2015 eine
759 1988 857 2019 Silbez
878 1987 930 2014 secl
950 1988 1079 2023 ergiinzt.
1095 2001 1128 2005 —
1145 1986 1171 2020 7,
1193 1984 1210 2012 Ξ
1230 1985 1305 2013 fehlt
1318 1988 1383 2014 eine
1398 1986 1477 2014 Silhu

170 2026 226 2054 lies
247 2026 512 2054 reconsolidantur.
533 2041 568 2045 ——-
592 2023 619 2053 8.
640 2025 655 2054 1
677 2026 758 2053 Laus
779 2025 944 2062 zweisilbig
965 2026 1035 2053 odor
1055 2034 1091 2052 zu
1113 2025 1195 2053 lesen
1216 2025 1263 2053 Sit
1282 2024 1372 2052 salus.

625 2118 693 2150 458.
724 2118 767 2150 De
789 2121 897 2151 sancto
919 2118 1048 2151 Ubaldo.

701 2175 736 2205 In
758 2176 783 2205 1.
805 2177 956 2215 Vesperis.

867 2240 897 2269 2.
926 2237 1042 2272 Patris,
1072 2237 1212 2278 inquam,
1239 2237 1380 2280 gloriosi,

928 2285 1040 2317 Nostri
1064 2285 1258 2324 protectoris
1283 2286 1369 2318 almi.

926 2334 1023 2372 Quem
1051 2341 1250 2373 nequaquam
1277 2334 1380 2372 otiosi,

926 2380 988 2412 Sed
1015 2381 1045 2412 in
1075 2383 1170 2411 cantu
1194 2380 1269 2413 novi
1293 2382 1410 2421 psalmi

973 2428 1174 2468 Hymnisque
1196 2428 1279 2461 bene
1304 2429 1436 2462 tinnulis
