1651 2621
743 133 1001 171 —133—

212 229 244 264 3.
271 230 343 264 Jam
367 240 431 264 non
455 230 570 272 hospes
595 240 655 265 uec
679 233 817 274 colonus,

318 281 378 313 sed
402 279 565 313 confessor
590 280 708 321 curiae,

271 329 371 369 Quam
397 331 544 362 venustat
569 331 601 360 et
627 329 765 361 delectat

318 376 374 409 lux
398 378 552 417 paternae
573 376 704 417 gloriae,

272 423 321 456 Sit
346 424 474 464 adJutor
500 426 532 456 et
556 426 719 464 protector

318 472 476 504 adstantis
502 471 653 504 familiae.

287 556 372 584 Brev.
393 565 446 584 ms.
461 555 490 584 S.
506 555 613 585 Gratae
626 557 797 592 Pei-gamen.
818 565 893 585 saec.

213 590 237 628 1,
263 591 278 621 1
299 593 323 621 Ο
343 594 475 631 gloriosa
496 595 559 622 dies
578 596 645 622 ista.

896 234 927 266 4.
956 230 1068 265 Gloria
1093 235 1124 264 et
1148 232 1248 265 honor
1273 232 1341 265 Deo

1001 290 1161 322 usquequo
1186 281 1350 323 altissimo,

956 328 1030 361 Una
1052 329 1138 369 patri
1161 328 1300 369 filioque,

1002 377 1112 408 inclito
1134 376 1300 417 paraclito,

956 424 1015 458 Cui
1036 425 1105 457 laus
1132 427 1180 456 est
1205 425 1237 455 et
1258 426 1401 464 potestas

1000 481 1058 511 per
1085 474 1215 504 aeterna
1239 471 1375 504 saecula.

916 554 989 585 ¹⁵l16.
1023 556 1092 585 Ood.
1106 556 1289 585 Ambrosian.
1304 556 1329 583 Τ
1348 553 1385 584 43
1406 563 1469 591 sup.
1485 571 1521 575 —

666 724 734 756 223.
764 724 808 755 De
828 725 935 757 sancto
957 724 1078 757 Jacobo.

776 812 825 841 Ad
843 811 971 842 Laudes.

214 890 245 922 1.
272 889 421 922 solemne
446 891 537 923 nobis
562 891 712 931 gaudium

270 938 410 970 Reducit
435 938 513 970 ordo
539 940 728 979 temporum,

272 985 338 1024 Quo
365 994 423 1025 per
447 985 575 1018 beatum
600 986 755 1020 Jacobum

270 1033 443 1065 Lustratur
466 1032 559 1073 plebs
584 1032 736 1066 fidelium.

238 1113 246 1121 .
269 1088 335 1121 Hie
361 1092 513 1122 evocante
537 1090 641 1129 gratia

270 1135 383 1176 Liquit
404 1139 529 1176 patrem
556 1139 588 1168 et
611 1137 693 1169 retia

272 1184 319 1216 Et
343 1186 392 1215 est
416 1187 543 1216 secutus
568 1184 739 1216 Dominum

270 1231 417 1264 Piscator
445 1230 548 1264 factus
572 1231 745 1265 hominum.

234 1312 243 1319 .
267 1290 363 1321 Hunc
397 1287 551 1320 claritatis
577 1289 670 1331 visio⁷

265 1336 383 1368 Sancta
412 1336 659 1376 transfiguratio,

265 1383 343 1416 Cum
368 1392 403 1415 se
425 1384 528 1415 tribus
555 1383 707 1423 exhibuit,

265 1431 315 1463 De
338 1431 442 1463 tribus
464 1440 561 1463 unum
582 1430 703 1465 habuit,

901 893 931 923 4.
959 890 1053 923 Hunc
1078 893 1110 921 et
1132 892 1245 922 testem
1270 890 1401 930 agoniae

957 938 1043 970 Fons
1069 937 1239 977 assumpsit
1265 937 1459 976 clementiae,

963 984 1095 1023 Quando
1118 983 1201 1016 filius
1227 984 1358 1025 virginis

958 1032 1093 1064 Sudavit
1117 1034 1221 1071 guttas
1247 1031 1419 1070 sanguinis

926 1114 933 1121 .
958 1088 1022 1121 Hic
1046 1098 1104 1129 per
1127 1088 1266 1121 Herodis
1292 1088 1431 1129 gladium

957 1136 1052 1167 Vitae
1076 1136 1235 1176 percurrit
1260 1135 1396 1167 stadium

958 1184 1003 1216 Et
1026 1186 1209 1215 muneratus
1234 1182 1345 1214 bravio

960 1231 1046 1264 Coeli
1071 1232 1209 1263 laetatur
1235 1231 1325 1262 solio.

901 1290 932 1321 6.
958 1288 1039 1328 Regi
1063 1296 1209 1327 supremo
1235 1286 1347 1328 gloria,

960 1335 1019 1374 Qui
1050 1335 1145 1367 verbo
1171 1334 1248 1366 fecit
1273 1334 1385 1377 omnia,

955 1384 1052 1423 Quem
1076 1382 1188 1415 videre
1211 1382 1245 1413 in
1271 1381 1373 1422 gloria

950 1430 1133 1462 Mereamur
1156 1439 1215 1470 per
1239 1429 1377 1463 saecula.

281 1516 366 1543 Brev.
387 1523 440 1543 ms.
455 1514 484 1542 S.
498 1516 607 1544 Gratae
622 1515 793 1551 Pergamen.
814 1523 889 1543 saec.
911 1513 984 1542 15'13.
1020 1514 1089 1542 006,
1103 1515 1285 1542 Ambrosiam
1305 1514 1330 1541 Τ
1359 1511 1396 1541 43
1411 1522 1473 1548 sup.

206 1551 229 1589 1,
252 1551 270 1581 3
291 1552 373 1589 Quae
392 1562 453 1590 per.
475 1570 511 1574 —
532 1552 557 1587 5,
578 1552 599 1581 4
617 1552 714 1581 fohlen
735 1553 797 1580 drei
811 1552 929 1587 Silben3
955 1553 1082 1581 laetatur
1102 1554 1231 1588 ergiinzt.
1251 1567 1288 1571 —
1309 1549 1334 1585 6,
1355 1549 1373 1579 3
1400 1553 1431 1578 in
1445 1551 1526 1578 fehlt.

647 1702 714 1734 224.
743 1701 787 1734 De
807 1702 913 1734 sancto
937 1701 1097 1733 Januario.

714 1789 764 1821 Ad
783 1790 872 1829 Vesp.
895 1792 924 1820 et
942 1790 1028 1821 Noct.

478 1870 509 1902 1.
535 1869 718 1910 Martyrum
742 1869 903 1910 princeps,
932 1870 1027 1901 decus
1054 1871 1086 1900 et
1109 1868 1268 1907 honestas,

535 1914 587 1948 Da
611 1917 657 1949 tui
683 1917 774 1948 testis
799 1917 904 1949 varios
930 1924 1047 1958 agones

534 1965 642 2004 Atque
665 1964 818 1996 sublimes
842 1963 974 1997 famulis
994 1963 1174 2004 triumphos

583 2013 728 2052 Pangere
752 2012 854 2046 nobis.

482 2072 515 2104 2.
542 2069 674 2109 Quando
700 2079 873 2110 poenarum
897 2068 1033 2101 stimulis
1059 2069 1197 2102 cruentis

541 2119 701 2151 Pessimus
729 2118 846 2152 Caesar
867 2116 1036 2158 jugulabat
1060 2125 1178 2158 omnes,

541 2167 624 2206 Quos
649 2164 747 2198 fidem
774 2165 893 2198 Christi
917 2165 1057 2197 retinere
1081 2167 1147 2197 toto

591 2215 756 2254 Comperit
780 2214 866 2257 orbe,

479 2274 510 2306 3.
536 2271 663 2305 Janitor
687 2272 781 2312 vitae,
810 2280 917 2304 comes
943 2271 1136 2311 angelorum,

537 2320 586 2354 Tu
610 2330 670 2362 per
694 2321 828 2362 ignitum
853 2319 998 2362 graderis
1025 2319 1191 2360 caminum,

538 2369 624 2402 Voce
645 2369 789 2410 jucunda
813 2368 949 2401 Domino
974 2367 1109 2400 sacrasti

584 2418 680 2451 Celsa
709 2417 875 2459 trophaea.
