1653 2622
754 151 1016 189 —283—

229 253 260 286 5.
286 251 414 293 Martyr
438 251 566 284 tandem
595 251 770 284 decollatus

333 300 442 333 Finito
467 300 642 332 certamine

286 348 341 381 Sui
366 357 471 380 moras
495 348 653 380 incolatus

916 253 947 286 6.
973 253 1130 286 Victorini
1157 252 1375 286 collaudantes

1022 301 1184 334 Virtutum
1208 301 1345 343 insignia

975 349 1088 382 Cordis
1115 350 1142 381 ei
1167 350 1409 390 praesentantes

335 395 456 436 Sparso
479 395 569 427 verbi
595 396 716 427 semine
1020 396 1065 429 Et
1089 398 1153 430 oris
1178 397 1339 437 obsequia,

287 444 425 484 claudit,
453 444 557 476 coelos
580 444 741 475 laureatus
974 444 1061 485 «Iesu,
1088 444 1229 478 transfer
1254 445 1448 478 exsultantes

331 492 418 524 Fuso
444 492 601 524 scandens
626 492 790 532 sanguine.
1021 493 1073 525 Ad
1098 494 1178 526 coeli
1202 493 1333 533 palatia.

627 551 657 583 7.
687 548 809 590 Gloria,
835 549 905 581 laus
931 552 964 581 et
987 550 1149 589 majestas.

302 616 388 644 Brev.
408 624 462 643 ms.
486 615 516 643 S.
538 616 690 643 Francisci
709 616 852 643 Assisien.
876 623 952 643 saec.
974 613 1019 643 14.
1063 615 1133 645 Cod.
1153 617 1296 645 Assisien.
1316 614 1373 645 426
1394 613 1443 651 (6).

656 708 726 740 480.
755 708 799 740 Do
819 709 928 740 sancto
949 707 1121 741 Victorino.

759 776 795 806 ln
816 776 842 805 2.
863 776 1013 814 Vesperis.

231 838 262 871 1.
288 838 407 870 Laetus
434 836 502 868 dies
528 836 701 868 revertitur
927 838 958 869 7.
985 836 1068 868 Dum
1093 840 1221 869 sanctus
1241 838 1327 869 inter
1349 836 1483 868 verbera

285 885 443 917 Victorini
467 884 631 924 martyrio,
985 885 1135 917 Persistit
1160 888 1318 924 constans,
1344 884 1483 923 humilis,

286 932 377 965 Sacri
407 932 480 964 dum
506 935 578 964 rota
601 932 738 963 vertitur
984 932 1080 964 Hunc
1104 932 1250 964 ferientis
1277 933 1410 964 dextera

285 980 367 1013 Solis
398 980 526 1020 obliquo
552 979 682 1013 circuIO.
984 979 1062 1011 Mox
1089 981 1237 1013 redditur
1259 979 1442 1012 immobilis.

225 1040 257 1071 2.
285 1038 435 1078 Surgens,
459 1037 627 1077 plaudens,
654 1036 821 1078 Assisium,
925 1038 957 1070 8.
983 1035 1124 1068 Fcrvore
1150 1039 1293 1077 comptus
1318 1036 1450 1076 spiritus

281 1085 320 1117 In
345 1084 496 1124 martyris
521 1084 694 1124 praeconia
984 1083 1097 1117 Carnis
1124 1085 1248 1117 devicto
1273 1084 1362 1127 vitio,

285 1133 405 1165 Mentis
432 1140 555 1172 expone
576 1131 724 1171 jubilum,
984 1131 1077 1163 Fon's
1102 1137 1249 1164 servatur
1274 1132 1406 1164 coelitus

284 1180 406 1213 Laudis
433 1180 623 1219 depromens
648 1178 782 1212 cantica.
983 1180 1139 1212 Fornacis
1164 1180 1204 1212 ab
1229 1180 1388 1212 inccndio,

226 1240 258 1272 3.
282 1238 409 1270 Novum
433 1237 522 1269 sidus
550 1237 665 1269 claruit
926 1238 957 1269 9.
985 1236 1128 1276 Tyranni
1153 1240 1230 1269 tunc
1252 1236 1387 1277 imperio

285 1286 429 1326 Snperno
458 1285 518 1317 tibi
541 1293 683 1327 munere,
986 1284 1125 1317 Lictoris
1150 1294 1261 1316 manus
1286 1284 1386 1325 impia

287 1333 354 1372 Quo
380 1336 471 1365 vetus
497 1341 587 1365 error
613 1332 723 1364 vanuit
984 1332 1022 1363 In
1046 1336 1190 1364 sanctum
1215 1331 1342 1364 fervens
1367 1332 1474 1373 gladio

282 1382 355 1415 Jam
381 1381 462 1412 lucis
488 1383 558 1412 orto
587 1380 703 1413 sidere.
983 1379 1084 1411 Beata
1108 1379 1180 1412 finit
1203 1380 1335 1420 proelia.

224 1441 256 1472 4.
283 1438 478 1478 Victorinus,
505 1438 556 1469 vir
580 1437 719 1479 inclitus,
914 1437 968 1470 10.
984 1437 1037 1470 Sic
1061 1445 1173 1477 sparso
1198 1437 1289 1469 verbi
1310 1437 1430 1469 semine

284 1486 347 1519 Suo
373 1485 571 1526 respondens
596 1485 726 1524 nomini,
985 1484 1141 1517 Victorini
1166 1485 1302 1517 victoria

284 1534 419 1567 Carnem
447 1534 504 1565 dat
527 1532 591 1573 legi
615 1532 756 1575 spiritus,
984 1533 1047 1565 Pro
1073 1530 1160 1564 felici
1185 1533 1359 1565 certamine

281 1582 398 1614 Mundi
424 1581 527 1613 victor
553 1583 585 1612 et
609 1580 690 1614 vitii.
984 1579 1073 1612 Coeli
1095 1581 1220 1621 potitur
1244 1581 1356 1621 gloria.

222 1641 254 1674 5.
280 1639 376 1671 Hunc
397 1641 476 1670 nutu
501 1637 562 1670 Dei
586 1637 718 1678 praevio
913 1638 968 1671 11.
986 1637 1053 1669 Nos
1079 1638 1231 1678 martyris
1255 1638 1439 1671 memoriam

279 1686 471 1719 Transmisit
494 1686 558 1718 huc
581 1685 727 1726 Assyria,

280 1735 326 1768 Ut
351 1737 384 1766 te
408 1734 518 1766 trahat
541 1743 561 1766 a
587 1734 679 1765 devio

281 1783 459 1816 coruscans
485 1790 544 1821 per
569 1781 727 1822 prodigia.

222 1842 255 1874 6.
282 1839 375 1880 Sputi
402 1847 530 1871 caecum
555 1838 595 1870 ab
620 1841 712 1870 utero

280 1887 361 1920 Luto
392 1887 449 1919 dat
473 1885 538 1918 frui
561 1886 689 1928 lumine,

983 1684 1131 1718 Colentes
1160 1688 1192 1718 et
1215 1687 1395 1731 praeconia,

981 1734 1070 1773 JeSU,
1095 1734 1218 1774 perduc
1242 1734 1273 1766 in
1299 1735 1437 1775 patriam

982 1782 1045 1814 Per
1069 1781 1170 1822 ipsius
1195 1781 1355 1823 suffragia.

915 1840 967 1872 12.
985 1838 1091 1879 Pater,
1117 1840 1221 1879 natus,
1247 1839 1436 1881 paraclitus,

982 1885 1102 1925 Quibus
1127 1886 1170 1918 sit
1192 1887 1262 1919 laus
1288 1890 1318 1919 et
1344 1887 1454 1931 gloria,

983 1932 1092 1965 Sancti
1118 1934 1173 1966 det
1195 1934 1289 1974 huJ'us
1313 1935 1427 1967 merito

983 1981 1084 2013 Beata
1108 1982 1200 2014 nobis
1225 1983 1351 2023 gaudia.

281 1935 482 1976 Quinquenni
506 1934 648 1974 linguam
673 1942 773 1973 puero

281 1984 412 2016 Diserto
436 1983 527 2015 laxat
551 1980 681 2014 famine.

297 2051 382 2079 Brev.
403 2058 456 2077 ms.
478 2048 507 2076 S.
521 2048 674 2076 Francisci
686 2047 830 2075 Assision.
850 2055 926 2075 saec.
949 2045 993 2074 14.
1028 2046 1098 2075 Cod.
1111 2048 1254 2076 Assisien.
1274 2046 1331 2076 426
1350 2046 1397 2084 (6).
1415 2063 1453 2068 -
1475 2047 1501 2085 2,
1522 2048 1541 2078 4

219 2089 337 2118 Laudes
359 2089 522 2124 depromes.
543 2103 581 2107 —
601 2084 628 2121 8,
652 2085 667 2114 1
688 2088 800 2122 coptus.
820 2102 858 2106 —
880 2084 923 2120 11,
945 2083 963 2112 2
982 2087 1016 2113 ut
1035 2088 1202 2122 praeconia.

672 2180 736 2212 481.
765 2179 809 2211 De
830 2179 937 2211 sancto
959 2177 1097 2210 Victore.

769 2247 817 2277 Ad
838 2247 995 2286 Vesperas.

488 2311 518 2344 1.
545 2309 674 2343 Laudes
699 2308 869 2341 immensas
897 2307 1023 2341 Christo
1050 2307 1235 2352 referamus,

545 2358 604 2399 Qui
630 2357 722 2391 dedit
746 2357 838 2390 nobis
863 2355 947 2389 festa
972 2355 1136 2389 celebrare

548 2407 657 2440 Sancti
685 2406 833 2447 Victoris,
860 2407 897 2437 ut
919 2405 974 2445 pie
1000 2404 1141 2438 vivamus

594 2455 674 2496 Ejus
703 2455 735 2487 in
762 2453 837 2491 fide.
