1651 2621
713 123 948 160 „10-

635 246 663 276 2.
696 247 738 277 De
759 247 866 278 sancto
889 245 1028 277 Achatio.

717 332 766 361 Ad
785 332 939 370 Vesperas.

181 411 210 443 1.
240 411 478 451 congaudentes
503 410 642 451 gaudent
666 412 774 450 gentes

284 458 407 499 agmina
432 458 552 489 nobilia

236 505 375 537 Militum
402 504 632 545 crucifixorum,

285 554 395 584 sancta
421 552 503 584 dena
526 552 624 593 milia,

239 600 301 631 Per
326 608 403 640 quos
419 599 505 631 Deus
527 599 643 630 mundo
660 600 802 638 praestat

288 648 371 679 (lona
398 647 567 679 mirabilia.

180 714 211 746 2.
238 713 297 752 Qui
321 713 477 745 honorant
501 711 667 744 crucifixos

286 769 356 791 cum
381 768 461 799 pura
484 759 645 799 instantia,

237 807 329 839 Dena
356 807 446 838 milia
468 810 540 838 sunt
564 814 690 845 semper

285 863 343 893 pro
370 854 414 885 eis
439 855 571 891 orantia,

240 901 407 940 Nunquam
432 902 539 932 sinunt
561 901 634 932 illos
659 899 739 932 mori

286 948 354 979 sine
379 947 582 987 poenitentia.

184 1015 215 1047 3.
242 1013 300 1052 Qui
323 1014 480 1045 honorant
504 1012 681 1052 crucifixos,

288 1061 407 1100 regium
434 1062 613 1100 exercitum,

241 1108 303 1138 Per
331 1108 387 1138 hos
412 1106 499 1138 Deus
525 1107 622 1138 donat
644 1108 708 1139 illis

287 1155 385 1185 altum
410 1154 619 1194 privilegium,

245 1201 354 1233 Vincla
378 1201 502 1232 solvens
526 1203 728 1241 peccatorum

289 1249 477 1280 decenorum
502 1247 632 1280 milium.

180 1316 211 1347 4.
239 1314 400 1354 Speciales
426 1313 536 1345 horum
561 1314 646 1345 servi

288 1370 354 1393 eum
383 1361 422 1392 de
446 1361 562 1393 mundo
586 1363 761 1400 transeunt,

239 1408 322 1440 Deni
347 1408 434 1440 mille
459 1406 601 1440 crucifixi

289 1458 510 1487 concurrentes
536 1454 674 1493 veniunt,

238 1503 452 1535 Transeuntes
478 1502 659 1542 adJ'uvando

285 1549 434 1590 precibus
464 1550 686 1582 communiunt.

861 412 892 443 5.
919 409 952 441 Si
978 418 1151 450 poenarum
1175 409 1244 440 loco
1273 408 1386 439 dentur

966 459 998 487 et
1021 466 1084 488 non
1109 455 1325 492 aeternalium,

919 504 1047 536 Habent
1070 506 1242 543 martyrum
1267 509 1326 542 per
1350 507 1461 539 preces

967 551 1153 583 decenorum
1175 550 1309 581 militum

917 598 1148 638 Indulgentiam
1175 598 1296 629 dierum

967 646 1154 678 decenorum
1178 645 1309 676 milium.

860 714 890 745 6.
914 711 1031 744 Sancta
1055 713 1173 752 quippe
1194 713 1296 742 mater
1320 709 1388 739 tota

966 760 1134 798 praedicat
1158 758 1302 797 ecclesia,

917 805 1008 844 Quod
1031 815 1090 845 per
1114 805 1229 836 merita
1253 804 1433 835 sanctorum

966 853 1052 885 Deus
1079 854 1134 885 dat
1157 852 1286 891 auxilia,

918 899 1078 932 Confessis
1103 901 1197 938 atque
1223 896 1367 930 contritis

966 948 1062 979 donat
1086 946 1326 986 indulgentiam.

862 1016 892 1046 7.
920 1014 1053 1047 Cessent
1078 1021 1152 1051 ergo
1177 1012 1388 1051 malignantes

965 1070 1053 1092 suam
1078 1068 1136 1100 per
1160 1059 1312 1091 invidiam

918 1107 1123 1140 Detraliendo
1153 1106 1324 1137 molestare-

963 1158 1138 1194 martyrum
1162 1153 1348 1193 potentiam,

919 1201 969 1235 Ne
994 1202 1028 1233 in
1052 1200 1115 1233 fine
1139 1201 1200 1232 sint
1229 1198 1370 1231 damnati

967 1257 1025 1288 per
1049 1249 1108 1280 Dei
1134 1247 1331 1279 sententiam.

860 1316 891 1349 8.
920 1314 1029 1346 Gloria
1053 1315 1094 1346 sit
1120 1312 1281 1353 crucifixo,

965 1362 1076 1404 honor,
1100 1361 1259 1401 J'ubilatiQ

918 1410 977 1450 Qui
1002 1412 1051 1440 est
1074 1418 1132 1442 rex
1158 1407 1389 1449 crucifixorum,

966 1457 1039 1499 vita,
1067 1456 1251 1495 consolatio,

919 1504 1002 1542 Quos
1028 1503 1156 1545 amavit,
1183 1501 1346 1535 coronavit

966 1552 998 1582 in
1031 1552 1112 1583 coeli
1136 1550 1266 1590 palatio.

256 1635 340 1662 Brev.
371 1641 423 1660 ms.
454 1633 483 1660 S.
515 1634 622 1662 Gratae
650 1634 820 1671 Bergomen.
852 1643 927 1663 saec.
948 1632 1021 1662 1⁵43.
1070 1634 1139 1662 Cod.
1169 1634 1354 1662 Ambrosian.
1385 1633 1410 1660 T
1440 1632 1487 1662 43.

179 1680 242 1708 sup.
262 1688 300 1692 —
319 1673 354 1700 In
374 1674 438 1698 tone
463 1671 563 1707 Pange
582 1671 692 1707 lingua.
712 1687 750 1692 ——
769 1670 796 1704 2,
823 1671 837 1700 1
861 1674 994 1700 honorat.
1015 1688 1052 1691 —
1072 1671 1099 1708 4,
1121 1670 1138 1699 3
1162 1672 1254 1700 Dene.
1276 1686 1312 1691 -κ
1333 1669 1360 1705 5,
1381 1670 1401 1699 4
1421 1673 1485 1699 mil-

177 1710 259 1737 lium.
281 1727 294 1730 -
312 1726 317 1730 -
337 1709 362 1742 5,
385 1709 402 1736 6
423 1712 463 1736 sit
482 1709 662 1737 zlecenorum.
685 1725 722 1729 —
743 1708 770 1744 6,
791 1708 808 1738 3
830 1712 908 1745 Quos
927 1720 1034 1747 per.—
1055 1709 1080 1745 6,
1102 1709 1128 1743 5,
1151 1713 1180 1737 et
1200 1711 1346 1738 contritio.
1368 1725 1405 1729 —-
1422 1709 1448 1743 7,
1470 1708 1487 1736 2

178 1757 215 1775 ne
234 1757 286 1783 per
306 1747 455 1775 invidiam.

633 1876 659 1907 3.
699 1877 741 1907 De
761 1877 868 1908 sancto
887 1876 1028 1909 Achatio.

707 1963 754 1993 Ad
774 1964 959 1995 Matutinum.

864 2046 895 2077 3.
922 2043 1072 2075 Terrenis
1101 2043 1184 2076 binis
1211 2042 1346 2074 dominis

921 2090 965 2122 Hi
992 2091 1099 2122 decem
1122 2090 1225 2128 primo
1250 2090 1403 2131 serviunt,

922 2137 987 2170 Sed
1013 2137 1142 2169 monitis
1166 2138 1319 2177 angelicis

923 2184 1042 2217 Christi
1065 2183 1163 2217 fidem
1186 2185 1374 2225 suscipiunt.

184 2251 214 2282 2.
241 2249 363 2281 Novem
385 2248 474 2279 mille
497 2248 651 2281 Achatius
863 2252 895 2285 4.
922 2249 1011 2282 Unus
1039 2251 1078 2282 de
1104 2249 1212 2283 decem
1237 2251 1365 2284 milibus

241 2296 353 2328 Secum
379 2296 533 2328 convertit
556 2294 642 2337 fidei,
922 2296 1011 2329 Binis
1038 2298 1131 2330 datur
1157 2299 1320 2342 militibus,

242 2344 376 2375 Sanctus
404 2351 479 2374 vero
504 2343 691 2376 Theodorus
921 2343 968 2376 Ut
991 2354 1087 2376 unum
1113 2344 1175 2376 duo
1202 2347 1345 2379 crucient

241 2391 334 2423 Mille
357 2389 485 2431 probati
509 2392 641 2423 numeri.
921 2392 965 2424 Et
988 2392 1072 2423 latus
1097 2401 1187 2426 suum
1212 2395 1391 2426 vulnerent.

184 2042 214 2074 1.
241 2043 277 2074 In
304 2044 414 2073 sancta
439 2042 546 2073 decem
571 2042 659 2074 milia

242 2089 360 2122 Christi
386 2089 522 2128 resurgit
544 2090 659 2132 passio,

239 2137 325 2175 Ipsis
352 2135 424 2168 dum
448 2139 539 2168 sexta
562 2134 645 2168 feria

241 2183 296 2214 Fit
319 2191 401 2214 nova
426 2182 597 2215 crucifixio.
