1651 2621
707 109 968 145 —169-

455 203 520 234 286.
550 202 585 235 In
606 203 828 236 {translatione
844 212 868 235 s.
890 203 1039 236 Ludovici
1058 203 1211 246 Episcopi.

678 281 727 311 Ad
745 281 836 321 Vesp.
857 286 889 312 et
904 282 1000 313 Laud.

211 374 219 382 .
245 349 375 382 Prolem
399 350 544 383 inclitam
568 351 729 384 Franciae
874 353 907 385 4.
931 352 995 385 Ore
1017 352 1106 384 horis
1130 352 1233 384 Deum
1261 361 1355 384 orans

246 397 404 430 Produxit
428 406 525 439 genus
550 397 710 441 floridum,
932 400 1097 432 Psallebat
1119 402 1226 432 mente
1247 400 1375 443 jugiter,

246 445 376 478 Partem
400 446 501 479 traxit
524 446 709 487 Hungariae
932 447 1031 479 Libro
1056 447 1138 479 lecto
1163 456 1309 488 pergens,
1336 455 1473 486 morans,

248 493 405 526 Coelitum
430 493 518 526 sidus
544 493 712 533 fulgidum.
932 494 1067 535 Legens,
1092 496 1145 527 lex
1169 497 1201 527 et
1222 496 1278 527 lux
1302 495 1435 535 pariter.

218 588 224 595 .
249 560 404 601 Minores,
430 563 466 592 ut
491 560 575 593 foret
599 562 711 601 minor,
877 563 906 595 5.
934 562 1047 595 Clarus
1074 562 1158 594 clero
1182 570 1217 594 se
1242 562 1414 601 conjunxit,

248 607 326 640 Dati
349 610 424 640 sunt
446 608 481 640 in
506 608 702 650 obsequium,
931 610 973 642 Id
996 609 1071 642 inde
1095 610 1201 649 palam
1226 608 1390 649 profitens,

251 655 426 688 Doctrinae
449 658 486 687 ut
511 658 595 688 esset
619 657 732 689 ductor
934 657 1091 689 Militaria
1116 657 1260 697 exclusit,

251 703 315 735 Per
339 704 450 736 mundi
474 704 546 736 viae
572 703 708 737 devium.
935 704 988 736 Sic
1012 704 1074 736 Dei
1097 707 1222 745 partem
1249 703 1413 737 confitens.

214 794 221 801 .
249 768 350 801 Obses
374 770 458 802 hosti
480 770 648 803 exhibetur
877 773 908 805 6.
935 771 1115 804 Ludovious
1139 770 1241 814 ludos,
1268 771 1354 803 vicos

250 817 322 849 Jam
347 817 502 857 inglorius
527 818 668 858 glorians
934 818 1047 850 Vitans
1073 820 1181 851 zelans
1205 820 1279 862 otia,

247 863 292 896 Et
317 873 376 905 pro
401 868 495 904 patre
521 865 682 898 detinetur
934 866 1084 899 Habebat
1107 866 1230 900 vinctos
1252 867 1370 899 amicos

250 912 395 945 Pectoris
421 921 532 952 pacem
557 913 718 946 intimans.
935 913 1019 947 Diva
1044 914 1183 946 colentes
1205 913 1321 948 studia.

556 981 586 1013 7.
614 979 725 1011 Gloria
750 980 793 1011 sit
815 979 884 1011 Deo
909 980 996 1019 patri

615 1027 681 1059 Per
700 1025 828 1059 infinita
852 1027 989 1067 saecula,

614 1074 786 1119 Paraclito,
817 1082 956 1107 summae
982 1075 1065 1114 proli

614 1123 757 1155 Aeterna
783 1122 873 1155 danti
896 1121 1025 1162 pabula.

266 1196 352 1224 BreV.
374 1204 427 1224 ms.
447 1196 678 1225 Franciscanum
699 1199 770 1225 anni
793 1195 876 1226 1332.
919 1197 988 1225 Cod.
1011 1196 1145 1225 Casinen.
1169 1194 1231 1224 193.

471 1338 535 1369 287.
563 1338 595 1369 In
618 1337 839 1369 Translatione
858 1346 881 1369 s.
903 1336 1050 1369 Ludoviei
1070 1335 1227 1377 Episcopi.

751 1415 800 1444 Ad
819 1414 948 1445 Laudes.

218 1510 225 1517 .
252 1484 360 1524 Opera
384 1484 573 1516 clementiae
879 1486 913 1518 4.
939 1484 1072 1523 Tristes,
1097 1482 1222 1523 moesti,
1247 1481 1381 1522 flebiles,

250 1532 325 1566 Jam
349 1533 400 1565 vir
423 1532 626 1564 innocentiae
936 1531 1046 1572 Aegri,
1072 1531 1159 1573 sicci,
1188 1529 1309 1563 debiles

298 1580 449 1613 Virtuose
471 1581 543 1624 egit,
986 1579 1221 1612 Restaurantur
1245 1578 1323 1621 sani,

249 1628 385 1660 Praesul
407 1627 597 1668 sapientiae,
938 1626 1092 1659 Defuncti
1117 1625 1277 1659 examines

249 1676 315 1709 Vas
340 1675 591 1708 incontinentiae
937 1675 988 1707 Ac
1013 1683 1030 1706 e
1056 1674 1122 1707 vita
1145 1673 1260 1706 labiles

299 1724 432 1758 Curiose
456 1723 562 1764 fregit.
988 1722 1082 1756 Vitae
1108 1723 1224 1755 dantur
1248 1720 1349 1753 multi.

218 1817 224 1824 .
252 1791 318 1825 Vas
345 1792 431 1832 quod
456 1791 519 1823 fuit
540 1790 674 1831 gratiae,
882 1792 912 1823 5.
939 1790 1059 1823 Rector
1083 1791 1188 1821 rectus
1214 1791 1246 1820 et
1270 1788 1352 1830 pius,

251 1839 400 1882 Virtutis,
424 1839 609 1883 modestiae,
940 1838 1093 1880 Simplex,
1122 1840 1238 1876 casum,
1259 1835 1434 1876 praescius,

303 1887 484 1920 Fructuose
509 1887 598 1926 degit
986 1885 1200 1917 Fruturorum
1226 1882 1321 1926 sator,

251 1937 291 1970 In
316 1935 396 1968 urbe
420 1934 599 1975 Marsiliae,
940 1932 1063 1966 Doctor
1086 1932 1184 1965 verbo
1209 1931 1345 1972 gladius,

253 1985 346 2024 Quod
371 1993 427 2018 vas
454 1982 631 2024 elegantiae
942 1981 1115 2021 correptor
1139 1979 1298 2020 propitius

300 2032 448 2065 Pretiose
472 2031 563 2071 tegit.
988 2030 1096 2069 Atque
1118 2036 1241 2060 morum
1264 2029 1362 2059 sator.

219 2128 225 2134 .
252 2100 317 2133 Hie
340 2099 479 2132 invictus
503 2097 671 2137 Hercules,
883 2098 915 2130 ὃ.
940 2096 1004 2130 Pro
1027 2095 1154 2127 miseris
1179 2094 1292 2127 anxius

253 2149 353 2189 Quem
378 2156 470 2189 reges
497 2150 528 2179 et
553 2146 719 2187 praesules
940 2143 985 2177 Et
1011 2143 1121 2177 deliris
1146 2142 1304 2185 praevius,

300 2198 505 2230 Venerantur
531 2194 636 2236 proni,
729 2195 732 2198 '
991 2192 1176 2232 Indigorum
1201 2193 1312 2231 pastor

253 2246 371 2287 Duces,
396 2244 519 2288 plebes,
548 2242 703 2283 consules,
938 2240 1017 2273 Fuit
1042 2243 1074 2271 et
1098 2238 1223 2271 felicius

251 2294 319 2334 Quo
341 2292 446 2334 juncti
470 2294 504 2324 et
527 2292 653 2324 exsules
943 2288 1116 2322 Beatorum
1139 2287 1254 2327 socius,

303 2341 534 2375 condonantur
561 2339 650 2373 laeti.
989 2335 1179 2369 Meritorum
1203 2336 1297 2367 lator.

269 2418 356 2447 Brev.
379 2425 432 2445 ms.
452 2416 683 2444 Franciseanum
705 2414 777 2442 anni
798 2410 881 2442 1332.
921 2412 991 2441 cod.
1014 2411 1150 2440 casinen.
1173 2409 1237 2440 193.
