1651 2621
702 123 842 158 -45
892 142 938 149 --

529 220 559 252 7.
585 220 667 261 Regi
691 229 800 262 regum
825 222 922 262 salus,
948 221 1023 262 vita,

635 268 722 301 Laus
750 271 783 301 et
802 268 960 309 Jubilatio,

588 315 673 348 Olim
698 325 782 348 nunc
808 318 839 348 et
863 324 989 355 semper
1012 317 1069 359 ita,

635 362 752 407 Decus,
782 364 952 397 exsultatio

589 409 641 451 Ei,
669 411 757 450 cujus
782 410 907 443 infinita

639 457 809 491 Permanet
834 458 969 493 duratio.

237 523 338 558 Propr.
362 523 592 559 Neapolitanum
617 525 686 560 imp.
706 524 834 560 Neapoli
856 521 937 552 1525.

621 636 667 667 69.
700 635 743 667 De
766 636 871 667 saneto
892 636 1021 676 Aspren.

727 711 776 742 Ad
795 712 924 742 Laudes.

164 779 196 811 1.
225 778 262 811 In
287 780 416 819 Aspren
441 779 587 812 natalitio
854 782 886 814 4,
914 781 980 820 Quo
1005 780 1050 825 fit,
1081 782 1118 813 ut
1141 780 1220 813 urbe
1246 781 1360 813 civium

226 826 404 859 Jubilemus
430 827 591 871 alacriter,
916 828 1053 860 Currant
1077 828 1118 861 ad
1143 827 1262 860 fontem
1287 829 1419 869 gratiae,

223 875 284 914 Qui
307 875 401 907 nobis
426 885 446 907 a
467 875 627 916 principio
910 877 1087 917 Benignum
1112 875 1174 908 Dei
1200 875 1300 908 filium

223 922 339 956 Fidem
370 923 532 963 plantavit
555 923 698 963 largiter.
912 922 982 955 Sibi
1006 926 1195 963 quaerentes
1219 924 1324 956 anxie.

167 980 199 1011 2.
226 978 326 1017 Quam
353 980 446 1019 plene
466 980 589 1019 primus
614 980 710 1013 avide
854 981 885 1014 5.
912 979 1047 1012 Peracto
1073 989 1168 1012 eursu
1189 979 1317 1013 fortiter

225 1026 276 1058 De
300 1027 390 1060 Petri
414 1026 504 1060 fonte
524 1031 716 1068 sumpserat,
912 1028 1087 1060 Pastoralis
1112 1027 1212 1060 officii

224 1074 402 1107 Veritatem
429 1075 570 1108 dilucide
914 1074 1123 1116 Consequitur
1147 1075 1285 1108 feliciter

224 1121 330 1154 Verbo
358 1122 523 1154 doctrinae
547 1126 681 1156 reserat.
913 1122 1044 1155 Cursum
1073 1123 1196 1155 centeni
1221 1123 1365 1163 praemii.

168 1180 200 1212 3.
226 1178 384 1211 Doctrina
408 1180 493 1211 vitae
518 1179 653 1220 gratiam
855 1180 886 1212 6.
916 1178 1026 1211 Gloria
1051 1180 1120 1220 tibi,
1147 1180 1291 1222 Domine,

223 1226 350 1259 Firmat
374 1228 469 1266 atque
494 1226 666 1259 virtutibus
913 1227 973 1266 Qui
997 1236 1081 1259 nunc
1105 1227 1233 1268 Aspren
1257 1227 1405 1269 irradias,

223 1274 457 1307 Miraculorum
482 1274 617 1315 gloriam
911 1275 1013 1307 Prece
1043 1276 1130 1315 cujus
1156 1276 1188 1307 in
1213 1276 1338 1316 agmine

226 1322 344 1354 Veram
366 1321 493 1362 profert
518 1321 690 1355 obtutibus.
913 1321 1101 1355 Sanctorum
1125 1332 1183 1355 nos
1210 1323 1375 1363 suscipias,

239 1387 343 1424 Propr,
362 1388 593 1424 Neapolitanum
617 1388 686 1424 imp.
708 1387 834 1425 Neapoli
856 1385 939 1416 1525.

602 1510 649 1541 70.
678 1510 722 1541 De
742 1511 851 1542 sancto
872 1509 1054 1541 Athanasio.

709 1587 758 1618 Ad
779 1587 936 1626 vesperas.

405 1657 438 1691 1.
466 1657 557 1690 Sacri
578 1655 739 1697 pontificis
764 1656 856 1689 festis
881 1656 1069 1690 solemnibus

462 1706 600 1738 Aeterni
622 1705 741 1746 judicis
766 1714 915 1738 vacemus
938 1705 1099 1747 laudibus,

464 1753 560 1794 Cujus
587 1753 711 1794 opificis
739 1754 831 1786 donis
857 1753 1046 1785 coelestibus

509 1801 693 1842 congaudet
717 1802 922 1834 Athanasius.

403 1859 435 1891 2.
463 1858 596 1891 Oblatus
620 1860 774 1899 parvulus
800 1868 819 1891 a
842 1858 1039 1899 genitoribus

463 1907 607 1939 Praesuli
633 1906 781 1948 famulus,
808 1908 910 1939 sacris
934 1907 968 1939 in
993 1905 1135 1938 moribus

462 1954 640 1987 Instructus
666 1955 804 2000 sedulus,
832 1955 880 1988 sic
905 1963 995 1987 carus
1022 1954 1167 1987 omnibus

513 2002 570 2035 Fit
600 2004 704 2035 clarus
728 2004 936 2037 Athanasius,

403 2062 434 2095 3.
463 2059 549 2094 Ordo
574 2060 738 2094 Leviticus
762 2061 836 2094 <lum
861 2070 920 2101 per
945 2061 1030 2093 hunc
1054 2060 1185 2102 geritur,

462 2108 574 2141 Cultus
598 2109 784 2142 Dominicus
809 2109 843 2141 in
867 2110 938 2149 ipso
966 2108 1116 2152 cernitur,

461 2156 516 2190 Sic
543 2158 593 2189 vir
618 2157 781 2198 angelicus
806 2158 921 2199 dignus
946 2157 1075 2198 eligitur

506 2204 659 2238 Pontifex
679 2205 886 2238 Athanasius,

401 2262 435 2296 4.
461 2263 539 2295 Post
562 2261 761 2303 pontificium
787 2263 921 2294 horrens
947 2261 1122 2302 pigritiam,

460 2309 602 2350 Implens
627 2309 768 2343 officium
793 2319 936 2350 pressam
963 2309 1130 2341 ecclesiam

461 2357 591 2390 Viribus
616 2358 755 2390 hostium
779 2361 869 2390 trans
891 2357 1030 2397 priscam
1055 2357 1199 2400 gloriam,

511 2405 686 2438 Restaurat
710 2406 916 2439 Athanasius
