1651 2621
698 108 958 144 —258—

442 209 513 241 434.
543 208 586 239 De
606 215 645 239 ss.
665 205 816 243 Solutorc,
836 200 1011 235 Adventore
1035 197 1067 230 ot
1090 195 1226 229 Octavio.

731 273 779 303 Ad
799 270 925 301 Laudes.

188 342 217 373 1.
244 340 337 372 lllum
362 337 510 378 frequens
535 338 566 367 et
590 333 695 367 nobile
861 332 892 364 4.
919 328 1002 361 Olim
1028 325 1165 358 cruentis
1192 322 1333 356 dexteris

247 387 370 426 Stipato
396 384 521 417 fervens
546 383 647 414 milite
918 376 1047 408 Famam
1074 371 1203 412 reliquit
1228 368 1374 409 saeculis,

244 434 347 467 Prolis
372 432 510 473 gaudens
536 430 668 462 victoria
920 424 1015 455 Nunc
1039 423 1108 454 arte
1130 419 1178 451 sui
1202 417 1357 459 prodigus

247 482 368 515 Psallat
390 482 491 512 mater
516 477 656 509 ecclesia.
920 470 1075 510 Pugnavit
1101 467 1279 508 gloriosius.

191 541 222 570 2.
248 537 353 570 Duces
380 535 453 568 novi
479 533 666 571 certaminis
865 531 895 563 5.
923 528 1059 567 solutor,
1085 526 1209 563 martyr
1232 522 1372 561 inclitus,

251 585 410 618 Ardentes
435 591 533 614 cornu
555 580 682 618 laureis,
921 576 1088 607 Adventor
1112 575 1144 603 et
1167 570 1328 609 Octavius,

252 632 353 663 Vitam
382 631 500 663 ducunt
524 627 716 667 occumbere,
924 624 1005 662 Quos
1032 628 1218 653 veneramur
1242 617 1415 658 supplices,

248 679 312 712 Pro
334 686 410 717 rege
432 676 518 708 vinci
539 676 676 707 vincere.
924 670 1018 702 Vitae
1041 670 1169 701 nostrae
1193 666 1255 698 sint
1281 664 1456 704 praesules,

196 738 225 769 3.
251 735 290 768 In
315 733 371 766 tali
396 733 487 765 simul
512 732 631 772 proelio
869 730 899 761 6.
924 727 1076 765 Exorem,
1102 723 1194 756 malis
1218 722 1336 754 liberos

253 782 335 813 Tota
359 780 520 820 conspirat
541 779 634 818 legio,
925 773 1023 806 Bonis
1046 771 1163 804 florere
1187 773 1343 809 strenuos,

252 828 346 868 Viget
368 827 496 859 mutatis
521 826 633 858 studiis
927 821 1012 853 Hinc
1036 819 1147 851 felices
1172 817 1300 858 palatiis

253 874 394 907 'l'hebaei
421 873 506 905 calor
529 871 697 913 sanguinis.
928 867 1032 900 Scribi
1057 867 1141 898 cives
1164 864 1314 897 uraniois.

529 931 559 962 7.
586 926 733 960 Trinitati
761 924 892 958 deificae

587 973 755 1007 Plenitudo
780 972 823 1005 sit
846 972 973 1012 gloriae,

588 1022 673 1061 Quae
697 1020 824 1060 quidem
849 1027 918 1051 esse
941 1019 1106 1058 proprium

589 1069 660 1102 Suis
687 1068 742 1099 dat
764 1068 798 1099 in
822 1069 1017 1107 perpetuum.

272 1135 353 1164 Offie.
370 1143 423 1162 ms.
443 1132 473 1160 S.
494 1132 639 1161 Solutoris
659 1139 735 1159 saec.
756 1129 800 1158 15.
840 1129 908 1158 God.
927 1130 1085 1157 Taurinou.
1104 1129 1125 1157 J
1143 1129 1160 1156 Ι
1179 1125 1207 1155 3.
1225 1143 1263 1148 ..„.
1285 1126 1311 1162 1,
1331 1125 1349 1156 3
1369 1125 1496 1154 Proeliis

197 1174 334 1211 gaudens.
354 1187 391 1191 -—
410 1171 437 1206 4,
459 1169 474 1197 1
499 1170 583 1199 Oculi
604 1172 744 1197 cruentes.
764 1183 802 1187 ——
822 1166 847 1201 6,
868 1167 888 1195 4
907 1169 985 1195 cives
1004 1167 1160 1194 ueranicis.

617 1260 682 1293 435.
712 1260 755 1291 De
775 1260 880 1291 sancto
901 1258 1074 1290 Sozomeno.

734 1327 782 1356 Ad
801 1326 956 1364 Vesperas.

201 1390 234 1424 1.
257 1389 310 1421 Ad
335 1388 413 1420 coeli
438 1396 566 1428 regnum
592 1387 745 1418 scandere
875 1388 907 1418 4.
934 1385 1058 1426 Objecti
1085 1394 1158 1417 vero
1182 1385 1296 1425 gladiis

259 1435 342 1468 Dum
367 1436 496 1466 conatur
522 1433 663 1473 ecclesia,
934 1433 1029 1472 Quam
1056 1432 1260 1472 plurimorum
1287 1432 1409 1466 milium

260 1482 436 1514 Occurrunt
458 1481 491 1512 in
515 1481 629 1512 itinere
936 1480 1022 1512 Coeli
1048 1479 1121 1511 fulti
1144 1479 1316 1520 praesidiis

262 1529 358 1568 Quam
382 1529 475 1567 plura
499 1536 593 1559 saeva
618 1528 748 1567 proelia.
935 1527 1030 1558 Acies
1055 1529 1202 1559 sternunt
1224 1527 1373 1559 hostium.

203 1588 235 1619 2.
260 1584 471 1618 Maximianus
495 1583 655 1624 publicam
881 1587 911 1616 5.
935 1583 1026 1615 Nova
1047 1582 1149 1615 functi
1172 1583 1309 1615 victoria

262 1632 339 1664 Rem
364 1631 540 1670 gubernans
564 1630 696 1670 imperio
937 1630 998 1663 Dei
1022 1631 1166 1662 mirando
1192 1638 1331 1669 munere,

263 1679 391 1711 Plebem
416 1678 532 1718 premit,
557 1678 742 1709 catholicam
937 1678 996 1709 Pie
1020 1678 1152 1710 student
1176 1676 1285 1709 fidelia

263 1726 420 1765 Trucique
444 1725 549 1757 caedit
572 1724 688 1765 gladio.
935 1725 1060 1756 Emissa
1085 1727 1160 1756 vota
1180 1725 1314 1759 solvere.

206 1785 237 1817 3.
266 1782 431 1814 Cohortem
455 1784 547 1821 urget,
569 1782 702 1812 militum
882 1783 912 1815 6.
941 1782 990 1814 Sit,
1013 1781 1081 1813 Deo
1105 1781 1192 1820 patri
1216 1782 1327 1822 gloria,

263 1829 307 1862 Et
332 1830 441 1862 ducem
468 1828 681 1868 Epiphanium
938 1829 1020 1861 Nato
1047 1838 1115 1860 cum
1140 1837 1230 1861 sacro
1255 1827 1392 1872 flamine,

265 1878 313 1909 Ac
339 1878 543 1909 sozomenum
567 1875 720 1917 inclitum,
941 1877 1004 1909 Per
1028 1885 1119 1917 quem
1145 1878 1263 1908 sanctis
1289 1878 1425 1909 victoria

265 1923 366 1963 Hujus
396 1923 532 1954 cohortis
555 1923 682 1956 socium.
941 1922 1109 1956 Confertur
1131 1924 1163 1955 in
1190 1925 1372 1957 certamine.

282 1989 365 2016 Brev.
394 1997 446 2015 ms.
467 1987 497 2015 S.
520 1987 672 2023 Sepulchri
698 1996 771 2015 saec.
797 1986 868 2015 ¹⁴20.
910 1988 977 2015 cod.
1000 1989 1134 2016 Parmen.
1155 1989 1249 2017 Palat.
1279 1988 1341 2017 186.
1367 2004 1404 2008 -
1430 1987 1463 2022 4,
1490 1987 1508 2016 2

211 2028 305 2061 Quam
324 2026 482 2062 plurimum
501 2025 657 2053 milituum.

625 2107 693 2139 436.
722 2107 765 2139 De
787 2109 893 2140 sancto
914 2108 1087 2141 sozomeno.

725 2175 773 2205 Ad
792 2175 980 2206 Nocturnum.

210 2237 240 2270 l.
265 2236 383 2269 Amore
408 2236 525 2268 Christi
550 2234 668 2267 fervidi
885 2239 916 2269 2.
942 2237 1065 2269 Novam
1090 2237 1136 2269 ibi
1160 2239 1305 2271 militiam

265 2283 413 2316 Trecenti
438 2283 556 2316 Christi
580 2282 702 2324 pugiles
942 2284 1025 2316 Dum
1051 2288 1200 2318 exercent
1224 2287 1373 2327 viriliter,

267 2330 365 2363 Vasta
390 2331 507 2362 deserti
531 2330 669 2370 squalidi
943 2332 1155 2366 Maximianus
1181 2332 1296 2367 furiam

267 2379 430 2412 Scandunt
453 2379 485 2411 in
510 2377 574 2411 fide
599 2377 721 2420 vigiles.
946 2379 981 2413 In
1007 2384 1132 2413 sanctos
1157 2382 1262 2424 spirat
1284 2384 1415 2418 acriter.
