1651 2621
683 139 726 145 —-—
776 116 843 154 170
892 137 935 143 —

621 229 688 261 288.
720 230 759 261 De
780 231 884 261 saneto
905 229 997 268 Lupo.

709 297 757 327 Ad
775 297 901 327 Laudes.

170 368 200 400 1.
225 367 279 398 Ad
302 366 430 406 gloriosi
458 365 614 405 praesulis
842 367 873 398 3.
898 366 959 398 Est
984 366 1037 405 qui
1060 374 1133 398 nam
1158 367 1245 397 ortus
1271 363 1384 404 Gallia,

228 414 311 446 Odas
335 420 506 453 pangamus
531 413 676 452 modulis,
897 413 1107 445 Transvectus
1132 412 1165 444 in
1190 411 1325 452 Italiam,

227 460 340 493 Omnes
364 468 420 491 vos
445 467 549 502 posce,
577 459 663 502 socii,
897 459 947 491 De
971 468 1031 499 quo
1057 460 1190 491 resultat
1214 458 1342 491 samnia

224 507 321 539 Festa
344 505 427 545 Lupi
451 506 648 541 sanctissimi,
900 506 997 538 Sacra
1022 507 1232 547 complectens
1256 505 1398 545 pignora.

169 567 199 598 2.
228 563 285 597 Oui
308 570 445 602 superna
468 562 570 603 gratia
840 563 870 594 4.
897 562 990 594 Nunc
1012 565 1054 603 te,
1079 563 1208 603 praesul
1234 561 1370 602 egregie,

225 610 293 642 Poli
320 609 413 641 cessit
436 608 565 649 palatia,
896 609 996 650 Lupe,
1022 619 1167 650 rogamus
1192 612 1328 651 strenue,

226 655 321 696 GuJus
350 654 478 688 fuerunt
500 656 613 687 merita
896 656 943 689 Ut
966 665 1023 688 nos
1047 656 1132 689 feras
1156 657 1189 688 in
1215 656 1346 688 aethera

224 703 388 736 miraculis
414 703 595 735 clarissima.
900 704 999 736 Prece
1022 706 1077 737 tua
1100 704 1309 737 sanctissima.

508 759 537 791 5.
562 758 634 790 Hoc
659 757 754 789 donet
776 761 887 791 sancta
909 759 1045 800 trinitas,

560 805 659 837 Trina
683 814 763 844 quae
786 804 887 845 fulget
908 807 1053 851 monade,

561 851 618 884 Oui
642 852 685 884 sit
708 852 777 884 laus
803 854 835 883 et
857 853 958 893 gloria

556 899 620 932 Per
641 898 765 931 infinita
788 901 923 933 saecula.

240 983 321 1010 Lect.
348 990 401 1010 ms.
426 982 456 1010 S.
482 983 561 1017 Lupi
583 983 778 1010 Beneventan.
804 991 879 1010 saec.
903 982 977 1012 fllia.
1017 983 1087 1012 Cod.
1114 984 1221 1013 Caven.
1240 987 1346 1014 memb.
1373 985 1399 1014 5,
1419 1002 1457 1005 —

167 1021 228 1048 Aus
248 1020 342 1048 dieser
364 1020 466 1053 Quelle
486 1019 559 1047 auch
578 1020 734 1056 mitgeteilt
751 1022 783 1047 in
798 1019 894 1048 Codex
913 1021 1117 1057 diplomaticus
1135 1022 1276 1051 cavensis
1291 1025 1341 1059 VI,
1362 1023 1399 1053 28
1413 1033 1456 1061 sq.

621 1157 686 1190 289.
714 1158 758 1189 De
780 1158 885 1189 sancto
906 1159 996 1199 Lupo.

664 1224 712 1253 Ad
730 1224 958 1255 Processionem.

275 1293 306 1325 1.
331 1292 500 1332 Praesulis,
527 1300 608 1334 ecce,
633 1292 717 1332 Lupi
741 1293 874 1325 reboant
897 1296 1065 1335 praeconia
1088 1297 1199 1337 sancti,

374 1339 469 1371 Alma
494 1338 560 1371 dies
586 1340 698 1371 colitur
719 1340 883 1383 praesulis,
912 1350 993 1382 ecce,
1019 1342 1112 1383 Lupi.

273 1396 303 1427 2.
332 1395 474 1427 Candida
498 1394 592 1426 turba
616 1397 708 1427 sonat
731 1397 887 1429 coelorum
912 1407 1010 1437 regna
1032 1408 1091 1439 per
1114 1400 1190 1441 alta,

373 1441 580 1473 Christicolae
600 1442 746 1483 jubilant,
773 1443 909 1476 candida
932 1445 1026 1477 turba
1048 1449 1148 1479 sonat.

272 1499 302 1531 3.
327 1498 425 1539 Euge,
450 1498 543 1530 beate
565 1499 658 1530 nimis
683 1508 785 1531 arcem
811 1501 863 1539 qui
886 1501 1012 1533 scandis
1037 1503 1174 1545 Olympi,

370 1544 481 1585 Regna
505 1548 614 1577 tenens
638 1554 795 1591 superum,
823 1556 909 1589 euge,
936 1549 1028 1581 beate
1051 1551 1156 1587 nimis,

271 1603 303 1633 4.
328 1600 414 1634 Urbs
438 1602 586 1633 redimita
607 1602 693 1641 satiS,
719 1612 846 1644 germen
871 1613 951 1644 quae
974 1606 1082 1639 nobile
1101 1608 1223 1649 prodis,

367 1647 468 1692 Tullo,
501 1648 556 1681 diu
579 1650 690 1689 gaude,
716 1651 792 1683 urbs
818 1652 965 1685 redimita
989 1654 1076 1687 satis.

270 1707 301 1739 5,
326 1705 452 1736 Funera
475 1714 515 1737 ne
541 1705 674 1749 dubites,
702 1715 771 1738 cum
795 1707 838 1739 sis
862 1718 941 1748 puer
963 1710 1033 1749 ipse
1058 1713 1212 1754 parentis,

371 1751 514 1784 Christus
540 1753 632 1785 adest
655 1754 788 1796 genitor,
814 1754 928 1788 funera
951 1766 992 1789 ne
1015 1758 1150 1793 dubites,

269 1808 299 1842 6.
324 1808 447 1847 Excipe
473 1808 660 1848 discipulum
685 1812 820 1851 supplex
845 1822 936 1852 quem
961 1815 1090 1854 spiritus
1116 1817 1216 1850 almus

367 1854 488 1887 Doctor
511 1856 671 1897 Alistichi,
698 1860 809 1899 excipe
835 1860 1035 1902 discipulum„

266 1912 296 1944 ’7.
325 1911 428 1944 Corda
451 1912 587 1952 benigna
608 1915 701 1955 rigat,
729 1915 830 1948 cernit
855 1926 935 1957 quae
960 1918 1104 1953 Christus
1128 1922 1271 1967 honesta,

368 1958 506 1992 Nectare
528 1960 675 1993 mellifluo
702 1964 800 1996 corda
822 1964 959 2006 benigna
983 1967 1075 2007 rigat.

265 2017 298 2048 8.
323 2016 347 2048 O
374 2016 553 2048 venerande
575 2027 665 2060 puer,
690 2021 792 2053 socios
816 2022 871 2061 qui
893 2025 1061 2062 praevenis
1087 2035 1205 2071 omneS,

370 2062 507 2096 Coelitus
531 2064 712 2107 instructus,
739 2077 757 2099 0
782 2072 962 2103 venerande
986 2081 1075 2112 puer.

270 2119 299 2151 9.
321 2119 488 2151 Piminiola
510 2120 570 2152 tibi
593 2122 705 2161 policis
730 2126 794 2156 sta-t
819 2130 944 2167 compta
971 2128 1090 2168 lapillis

367 2166 560 2200 Intemerata
581 2173 690 2202 manet
711 2172 882 2206 Piminiola
904 2174 976 2208 tibi.

246 2221 301 2255 10.
327 2221 456 2262 spernis
482 2233 588 2256 amore
613 2226 683 2265 Dei,
708 2229 842 2261 mundus
868 2232 953 2270 quod
977 2233 1109 2265 mandat
1131 2234 1272 2277 honoris,

374 2268 492 2303 Cuncta
514 2272 642 2314 caduca,
669 2277 771 2316 pater,
797 2278 922 2315 spernis
948 2287 1055 2311 amore
1078 2281 1149 2314 Dei.

244 2325 299 2357 11.
324 2325 492 2359 Fratribus
516 2329 600 2361 adde
622 2330 757 2371 Lupum,
783 2334 970 2367 monachum
996 2336 1036 2367 de
1059 2338 1161 2370 milite
1185 2339 1314 2380 factum,

370 2372 480 2406 Dulcis
503 2376 649 2410 Amande
672 2382 774 2424 pater,
800 2379 952 2414 fratribus
977 2384 1062 2416 adde
1085 2386 1221 2427 Lupum,
