1651 2621
760 152 1011 186 -204—

238 248 268 280 7.
297 248 321 280 Ο
345 256 437 287 quam
463 246 556 278 dulce
577 248 788 286 spectaculum
916 250 946 282 8.
974 248 1066 290 Laus,
1094 248 1194 280 honor
1219 250 1251 278 et,
1274 247 1441 286 imperium

296 294 477 326 Humanum
501 296 534 325 et
553 295 739 335 angelicum,
972 296 1115 336 Benigno
1136 295 1206 336 regi
1226 297 1411 335 martyrum,

297 342 369 374 Jam
394 341 554 373 immolata
577 342 706 373 victima
975 343 1057 381 Quos
1082 345 1155 382 post
1177 350 1296 381 poenas
1321 341 1468 372 aethereo

295 388 426 421 Scandit
449 389 565 420 montis
591 390 761 422 cacumina.
975 390 1071 422 Sacro
1097 389 1204 420 reddit
1227 389 1359 428 palatio.

315 456 401 482 Brev.
414 454 691 481 Vallumbrosanum
710 463 786 482 saec.
808 454 852 483 15.
889 452 959 483 Cod-
974 454 1162 483 Laurentian.
1178 454 1267 481 Conv.
1288 460 1352 488 sup.
1373 451 1438 480 457.
1454 452 1486 479 A.
1501 465 1539 471 —-

237 493 322 520 Brev.
342 502 395 520 ms.
414 492 690 520 Vallumbrosanum
711 501 785 520 saec.
809 493 851 521 15.
885 493 952 521 Ood.
973 494 1161 520 Laurentian.
1177 491 1266 518 Conv.
1286 500 1349 526 sup.
1373 488 1439 517 456.
1452 490 1486 517 Β.
1500 504 1538 509 —

237 528 266 564 3,
289 529 304 558 1
324 531 466 558 indicenti
484 530 518 557 A.
539 545 575 549 —
594 527 621 563 4,
645 529 659 557 1
680 531 819 559 subdibus
839 531 898 558 AB.

678 621 742 655 346.
771 622 806 653 In
826 622 922 653 sancti
943 620 1088 651 Miniatis.

789 689 837 718 Ad
856 688 981 718 Laudes.

454 748 484 781 1.
509 749 686 788 Pangamus
713 748 839 779 modulo
864 748 974 779 laudes
1001 747 1160 779 dulcisono

508 795 689 835 Triumpho,
716 795 803 834 socii,
829 794 972 834 festoque
995 794 1104 835 nobili,

508 841 608 873 Nobis
634 842 687 881 qui
712 842 865 873 celebrem
891 841 1049 872 sanctiunt
1071 841 1155 872 hunc
1180 841 1272 879 diem,

555 888 706 920 Athletae
732 888 849 920 Christi
873 888 1050 919 transitum.

452 945 484 977 2.
510 944 673 983 Torquens
698 953 787 984 quem
813 945 929 976 Decius
955 943 1031 976 feris
1056 953 1094 976 ac
1117 944 1242 984 ignibus

509 991 609 1022 Ferre
631 992 793 1031 sacrilegis
814 992 909 1030 Jussit
930 991 996 1023 liba
1022 991 1092 1030 diis,

506 1038 606 1069 Amor
631 1041 839 1077 expresserat,
862 1040 947 1069 intus
972 1039 1024 1077 qui
1049 1041 1182 1078 arserat,

556 1083 713 1116 Certantis
738 1085 800 1116 viri
823 1088 963 1125 pectore.

452 1142 484 1173 3.
509 1141 593 1172 Hinc
616 1141 686 1171 neci
711 1141 857 1182 traditur,
889 1150 1002 1180 corpus
1026 1141 1202 1180 perimitur,

507 1187 692 1219 Sanctorum
718 1187 857 1218 coetibus
877 1188 1019 1227 Jungitur
1043 1188 1183 1227 spiritus,

509 1234 651 1265 Christus
677 1234 829 1265 victoriae
852 1234 986 1273 palmam
1012 1234 1051 1266 ab
1077 1235 1205 1266 aethere

553 1280 702 1319 Largitur
726 1290 782 1311 suo
806 1281 909 1312 militi.

452 1338 485 1370 4.
511 1337 630 1368 Locum
652 1345 736 1367 nunc
759 1337 870 1368 sedula
892 1345 997 1376 prece,
1022 1346 1081 1376 quo
1106 1337 1239 1377 pignora

509 1383 682 1415 Servantur
709 1384 848 1422 corporis
873 1384 984 1415 merito
1009 1384 1163 1422 sublimis,

506 1429 662 1469 Defende,
688 1430 814 1469 Minias,
843 1431 1026 1462 daemonum
1051 1432 1213 1463 machinas

553 1476 722 1515 Repellens
746 1477 821 1508 inde
844 1478 977 1518 longius,

455 1534 485 1565 5.
511 1532 558 1564 Ut.
582 1532 668 1571 quies
692 1536 866 1572 temporum
892 1533 1028 1573 fugaque
1051 1535 1205 1566 scelerum

510 1579 643 1619 Gregem
668 1580 873 1612 monasticum
897 1579 1017 1612 faciant
1040 1583 1191 1622 gavisum,

508 1625 621 1658 Grates
645 1627 832 1667 praecipuas
856 1628 1029 1667 laudesque
1055 1629 1178 1661 debitas

554 1673 601 1705 Ut
624 1673 747 1720 solvant
771 1674 829 1705 tibi
850 1674 977 1715 Jugiter.

453 1731 483 1762 6.
509 1730 642 1761 Praesta
664 1729 734 1772 hoc,
758 1730 883 1762 trinitas
908 1729 1032 1771 fulgens
1059 1734 1091 1762 et
1117 1732 1234 1772 unitas,

508 1776 601 1807 Pater
627 1779 657 1807 et
681 1777 785 1816 genite
808 1786 943 1817 pneuma
966 1780 1063 1817 tuque
1087 1782 1205 1820 sancte,

508 1823 625 1861 Quibus
651 1827 699 1854 est
722 1824 823 1863 gloria
846 1825 977 1864 lausque
1000 1830 1155 1865 perpetua

556 1871 617 1902 Per
646 1873 759 1902 cuncta
782 1880 907 1911 semper
930 1873 1066 1905 saecula.

312 1935 392 1963 offic.
412 1943 465 1962 ms.
484 1935 655 1962 Florentina
677 1943 750 1962 saec.
774 1934 818 1963 16.
846 1935 914 1963 Cod.
927 1937 1054 1965 Florent.
1068 1938 1257 1975 Magliabecc.
1278 1940 1415 1969 XXXVI.
1437 1940 1483 1970 75.
1498 1957 1534 1962 —

231 1971 260 2008 2,
281 1971 299 2001 3
323 1974 500 2010 expreverat.
519 1988 559 1992 —
577 1971 603 2006 5,
624 1971 641 1999 2
663 1973 871 2000 monachicum.

677 2054 743 2085 347.
771 2055 814 2086 De
834 2060 943 2087 sancta
963 2057 1089 2089 monica.

789 2114 837 2143 Ad
855 2114 981 2145 Laudes.

233 2173 265 2206 1.
291 2172 441 2204 Laetetur
464 2172 556 2212 plebs
580 2171 721 2203 fidelium
911 2177 942 2207 2.
969 2176 1065 2215 Quem
1091 2186 1130 2209 ex
1154 2181 1267 2210 ventre
1290 2181 1465 2219 parturivit

338 2219 464 2251 Meritis
488 2222 617 2251 sanctae
642 2220 796 2261 Monicae,
1014 2224 1075 2256 Illa
1099 2225 1195 2257 beata
1215 2227 1356 2267 Monica,

293 2267 442 2299 Exsultet
466 2267 578 2298 chorus
602 2268 783 2307 praesulum
966 2270 1103 2304 Renasci
1128 2273 1254 2306 Christo
1284 2276 1442 2315 quaesivit

338 2314 502 2346 Ecclesiae
527 2314 710 2358 catholicae,
1012 2319 1051 2351 In
1076 2320 1222 2353 doctrina
1246 2323 1413 2364 catholica,

290 2362 452 2394 Habemus
482 2362 548 2401 eJus
572 2360 682 2402 filium,
969 2366 1035 2398 Piis
1059 2368 1141 2400 votis
1168 2371 1350 2410 concupivit

336 2409 457 2442 Ducem
483 2409 646 2441 doctrinae
674 2410 818 2443 coelicae.
1016 2415 1053 2447 In
1078 2416 1145 2448 vita
1170 2418 1341 2453 eremitica.
