1651 2621
653 136 914 171 —209—

574 228 635 260 351.
664 228 709 260 De
729 229 837 260 sancto
858 228 992 262 Nicolao.

124 298 159 331 1.
184 297 282 339 Regis
310 298 443 339 superni
466 298 611 343 signifer,
816 301 850 335 4.
874 300 985 333 Noctis
1010 301 1125 342 quietis
1147 303 1290 340 tempore

183 346 208 378 O
237 345 370 378 Nicolae
394 345 551 387 pontifex,
874 349 1011 381 Terrens
1036 350 1174 388 quietum
1200 348 1376 387 Gaesarem,

182 392 316 425 Festum
339 394 386 426 tui
414 395 590 427 colentibus
874 396 1005 429 Pressos
1029 398 1137 437 inique
1161 396 1297 429 vinculis

183 441 325 481 Adjutor
348 444 415 474 esto
439 442 570 478 sedulis,
874 443 928 476 Sic
953 444 1062 476 eruisti
1087 445 1234 476 carceris.

125 500 158 531 2.
187 497 332 531 Terrena
356 500 516 539 quondam
539 501 675 541 pauperi
815 503 846 536 5.
873 501 973 533 Terre
997 504 1176 541 tyrannum,
1204 501 1257 541 qui
1283 500 1371 540 cupit

185 544 282 578 Flavi
307 547 430 578 metalli
455 556 587 580 munera
873 548 1002 580 Vincire
1025 549 1106 580 colla
1129 548 1289 586 mentium,

184 594 307 627 Ferens
330 595 400 626 viro
428 595 632 628 clandescere
871 596 999 628 Mentes
1022 597 1138 637 ligatas
1161 596 1276 627 liberet

185 641 300 682 Stupri
323 640 444 683 fugasti
467 643 612 676 crimina.
872 644 903 676 A
931 643 1098 675 criminum
1123 643 1327 675 connexibus.

127 700 160 732 3.
184 699 306 731 Divina
328 708 416 732 nunc
440 700 615 733 munimina
814 701 846 735 6.
872 700 964 733 Patri
987 700 1153 740 patrisque
1176 698 1288 731 famini

185 747 308 779 Ferens
333 748 472 787 repellas
496 748 641 780 invidum
874 748 923 780 Ac
946 747 1110 787 utriusque
1134 746 1256 779 flamini

186 793 331 833 Hostem,
357 795 492 834 pudicas
514 796 642 827 anxium
873 794 959 827 Laus
981 795 1066 834 jugis
1091 797 1123 826 et
1144 795 1289 834 potentia

187 842 317 873 Violare
341 845 463 874 mentes
483 840 659 875 fraudibus.
875 843 1080 883 Regnumque
1107 842 1150 873 sit
1173 851 1232 881 per
1255 842 1391 875 saecula¹

202 907 313 941 Hymn.
335 916 389 935 ms.
413 907 584 935 Casinensis
606 915 682 935 saec.
704 905 747 935 10.
783 907 851 935 Cod.
874 906 1009 935 Casinen.
1032 905 1096 935 506.
1115 921 1154 925 —
1172 904 1198 942 2,
1220 905 1238 934 2
1258 915 1385 935 munere.
1404 921 1442 926 —

126 943 154 980 4,
180 943 194 972 1
216 945 305 973 Nocti
327 946 428 980 quieti.
450 959 484 964 —
507 943 533 979 5,
557 943 571 972 1
592 945 703 973 Terret.
724 960 760 964 —
779 943 805 980 5,
829 943 847 973 2
866 945 993 973 Vincere
1013 945 1099 973 colla.

577 1075 644 1108 352.
676 1075 719 1107 De
739 1076 846 1108 sancto
869 1075 1004 1107 Nicolao.

127 1147 160 1180 1.
187 1147 315 1179 Aurora
338 1145 443 1187 fulget
465 1155 573 1186 aurea,
825 1147 858 1180 6.
882 1147 1001 1180 Fluctu
1024 1146 1104 1177 ratis
1127 1145 1323 1189 percellitur,

186 1194 263 1226 Dies
288 1195 397 1235 micat,
423 1203 484 1234 quo
509 1194 619 1226 laurea
885 1193 929 1226 Et
953 1194 1105 1225 Nicolaus
1131 1192 1303 1233 quaeritur,

185 1242 339 1274 Nicolaus
367 1242 501 1274 donatus
526 1244 575 1274 est
883 1241 1036 1273 Accurrit
1059 1241 1159 1272 almus
1184 1241 1271 1272 illico

185 1290 359 1330 Postquam
377 1288 557 1329 triumphus
574 1288 678 1322 factus
697 1292 753 1322 est.
884 1288 929 1321 Et
953 1288 1050 1329 eripit
1073 1288 1225 1327 periculo.

125 1349 156 1380 2.
184 1347 256 1379 Hac
279 1346 352 1379 luce
375 1355 512 1385 namque
537 1347 707 1387 saeculum,
828 1347 858 1380 7.
884 1345 1060 1378 Frumenta
1084 1348 1211 1376 sanctus
1237 1346 1359 1385 expetit

185 1395 256 1427 Hac
279 1394 357 1426 vicit
383 1395 506 1426 hostem
531 1395 714 1434 pessimum,
885 1392 1044 1433 Corosque
1067 1393 1176 1432 plures
1202 1392 1330 1433 excipit,

183 1442 257 1474 Hac
280 1445 356 1483 post
378 1441 576 1481 triumphum
601 1441 722 1482 gloriae
886 1440 1052 1481 Stupenda
1077 1439 1278 1483 contributio,

184 1490 328 1522 Palmam
355 1489 444 1528 capit
467 1489 630 1521 victoriae.
885 1488 959 1521 Non
985 1489 1091 1520 dando
1115 1486 1153 1519 fit
1176 1488 1320 1520 minutio.

125 1549 158 1581 3.
185 1547 243 1580 Sat
265 1547 349 1579 mira
374 1546 495 1579 Christi
519 1546 632 1586 gratia,
826 1548 858 1580 8.
884 1545 1038 1585 Temptat
1061 1545 1148 1577 viros
1175 1544 1328 1577 deludere

184 1595 352 1635 Stupenda
375 1597 425 1627 sat
449 1593 618 1635 magnalia,
883 1592 977 1626 Ficto
1001 1592 1108 1625 Diana
1127 1601 1269 1632 munere,

183 1643 284 1675 Escas
309 1643 363 1674 hic
388 1645 420 1674 et
444 1651 509 1674 non
531 1644 666 1674 noverat
884 1641 990 1674 Adest
1013 1641 1063 1672 vir
1087 1642 1188 1673 almus
1214 1640 1301 1672 ocius

182 1691 228 1722 Et
252 1691 415 1723 abstinere
438 1693 581 1722 noverat.
883 1690 1046 1729 Delosque
1069 1688 1184 1729 pandit
1207 1689 1364 1727 protinus.

124 1750 156 1780 4.
184 1747 267 1779 Nam
293 1746 384 1787 feria,
412 1756 474 1787 qua
499 1746 650 1779 venditur
827 1749 858 1781 9.
884 1746 1003 1779 Ensem
1028 1745 1147 1777 lanista
1169 1747 1314 1777 traxerat

184 1794 228 1827 Et
253 1803 315 1834 qua
339 1794 427 1826 Deus
452 1794 670 1834 suspenditur,
883 1794 929 1826 Et
951 1795 985 1826 in
1010 1801 1119 1825 necem
1143 1795 1324 1832 paraverat,

187 1841 270 1873 Puer
294 1843 406 1873 tenens
428 1841 552 1880 jejunia
885 1841 1037 1873 Nicolaus
1063 1841 1249 1880 supervenit

186 1890 292 1923 Semel
316 1889 450 1921 bibebat
474 1888 584 1920 ubera.
883 1888 930 1920 Et
953 1889 1138 1919 innocentes
1164 1888 1270 1927 eripit.

125 1949 157 1980 5.
186 1947 285 1986 Quam
310 1944 426 1985 flagret
447 1946 542 1985 huius
569 1944 685 1977 caritas
815 1945 870 1979 10.
884 1945 979 1977 Nexu
1008 1944 1116 1984 ligatis
1137 1944 1257 1976 vinculi

183 1995 414 2034 Exuberat-,que
438 1993 583 2033 largitas,
884 1994 991 2026 Instat
1016 1992 1083 2025 dies
1107 1992 1254 2032 periculi,

185 2043 314 2076 Norunt
334 2042 463 2084 puellae
487 2040 621 2079 nobiles,
886 2039 1039 2072 Nicolaus
1064 2039 1248 2081 deposcitur

182 2092 305 2133 Dignos
336 2090 475 2131 adeptae
501 2089 658 2129 conjuges.
884 2087 1055 2128 Metasque
1080 2089 1201 2120 cunctis
1224 2088 1368 2121 solvitur.

518 2146 574 2180 11.
599 2146 691 2179 Patri
716 2145 879 2185 patrisque
903 2144 1015 2177 famini

596 2195 647 2225 Ao
671 2194 836 2233 utriusque
859 2191 981 2225 flamini

598 2241 692 2275 Salus
717 2245 753 2274 ut
776 2243 850 2273 ante
874 2240 1012 2281 saecula,

599 2290 692 2323 Salus
715 2290 760 2322 sit
784 2291 817 2321 et
840 2297 899 2329 per
924 2289 1062 2323 saecula.

196 2361 307 2395 Hymn¹
334 2367 388 2387 ms.
416 2358 588 2387 Casinensis
614 2365 692 2385 saec.
722 2354 765 2384 10.
811 2354 880 2383 Cod.
907 2354 1043 2384 Casinen.
1071 2353 1126 2383 506
1151 2355 1185 2383 A.
1214 2371 1250 2375 —
1278 2357 1363 2385 Brev.
1388 2366 1442 2385 ms.

122 2400 285 2430 casinense
310 2405 386 2426 saec.
408 2394 452 2425 11.
499 2396 569 2425 Ood.
596 2396 734 2424 Vatican.
754 2394 860 2423 Urbin.
886 2391 951 2422 585.
978 2394 1043 2421 add.
1069 2402 1145 2422 saec.
1168 2392 1212 2423 13.
1238 2396 1272 2423 B.
1300 2412 1337 2417 -—
1365 2394 1396 2431 1,
1424 2395 1444 2424 4

119 2438 305 2474 triumphum
324 2436 359 2463 B.
379 2452 417 2456 —
439 2434 484 2469 11,
505 2433 523 2464 3
545 2437 576 2462 et
595 2437 664 2462 ante
684 2433 746 2462 AB.

177 2493 306 2517 breves,
321 2487 411 2516 Hymni
425 2486 522 2510 Inediti.
1236 2480 1272 2510 14
