<?xml version="1.0" encoding="UTF-8"?>
<!DOCTYPE html PUBLIC "-//W3C//DTD XHTML 1.0 Transitional//EN"
    "http://www.w3.org/TR/xhtml1/DTD/xhtml1-transitional.dtd">
<html xmlns="http://www.w3.org/1999/xhtml" xml:lang="en" lang="en">
 <head>
  <title>
</title>
<meta http-equiv="Content-Type" content="text/html;charset=utf-8" />
  <meta name='ocr-system' content='tesseract 3.04.00' />
  <meta name='ocr-capabilities' content='ocr_page ocr_carea ocr_par ocr_line ocrx_word'/>
</head>
<body>
  <div class='ocr_page' id='page_1' title='image "./analectahymnica22drevuoft_00113.png"; bbox 0 0 1651 2621; ppageno 0'>
   <div class='ocr_carea' id='block_1_1' title="bbox 709 136 967 172">
    <p class='ocr_par' dir='ltr' id='par_1_1' title="bbox 709 136 967 172">
     <span class='ocr_line' id='line_1_1' title="bbox 709 136 967 172; baseline 0.004 -1"><span class='ocrx_word' id='word_1_1' title='bbox 709 136 967 172; x_wconf 78' lang='lat'>-110—</span> 
     </span>
    </p>
   </div>
   <div class='ocr_carea' id='block_1_2' title="bbox 621 255 1051 297">
    <p class='ocr_par' dir='ltr' id='par_1_2' title="bbox 621 255 1051 297">
     <span class='ocr_line' id='line_1_2' title="bbox 621 255 1051 297; baseline -0.009 -7"><span class='ocrx_word' id='word_1_2' title='bbox 621 258 680 290; x_wconf 82' lang='lat'><strong>179.</strong></span> <span class='ocrx_word' id='word_1_3' title='bbox 712 255 756 289; x_wconf 85' lang='lat' dir='ltr'>De</span> <span class='ocrx_word' id='word_1_4' title='bbox 775 258 882 288; x_wconf 76' lang='lat' dir='ltr'>sancto</span> <span class='ocrx_word' id='word_1_5' title='bbox 905 257 1051 297; x_wconf 77' lang='lat' dir='ltr'>Galgano.</span> 
     </span>
    </p>
   </div>
   <div class='ocr_carea' id='block_1_3' title="bbox 189 343 1378 822">
    <p class='ocr_par' dir='ltr' id='par_1_3' title="bbox 735 343 943 373">
     <span class='ocr_line' id='line_1_3' title="bbox 735 343 943 373; baseline -0.005 0"><span class='ocrx_word' id='word_1_6' title='bbox 735 343 785 373; x_wconf 83' lang='lat' dir='ltr'>Ad</span> <span class='ocrx_word' id='word_1_7' title='bbox 803 343 943 373; x_wconf 82' lang='lat' dir='ltr'>Tertiam.</span> 
     </span>
    </p>

    <p class='ocr_par' dir='ltr' id='par_1_4' title="bbox 190 420 1353 604">
     <span class='ocr_line' id='line_1_4' title="bbox 190 420 1332 463; baseline -0.003 -9"><span class='ocrx_word' id='word_1_8' title='bbox 190 421 219 454; x_wconf 85' lang='lat'>1.</span> <span class='ocrx_word' id='word_1_9' title='bbox 246 423 340 455; x_wconf 84' lang='lat' dir='ltr'>Nunc</span> <span class='ocrx_word' id='word_1_10' title='bbox 364 425 473 455; x_wconf 89' lang='lat' dir='ltr'>sancte</span> <span class='ocrx_word' id='word_1_11' title='bbox 495 422 587 455; x_wconf 83' lang='lat' dir='ltr'>nobis</span> <span class='ocrx_word' id='word_1_12' title='bbox 610 422 740 463; x_wconf 87' lang='lat' dir='ltr'>spiritus</span> <span class='ocrx_word' id='word_1_13' title='bbox 866 424 896 455; x_wconf 88' lang='lat'>3.</span> <span class='ocrx_word' id='word_1_14' title='bbox 924 421 983 460; x_wconf 76' lang='lat' dir='ltr'>Qui</span> <span class='ocrx_word' id='word_1_15' title='bbox 1007 422 1180 461; x_wconf 79' lang='lat' dir='ltr'>paraclitus</span> <span class='ocrx_word' id='word_1_16' title='bbox 1208 420 1332 459; x_wconf 84' lang='lat' dir='ltr'>diceris,</span> 
     </span>
     <span class='ocr_line' id='line_1_5' title="bbox 247 467 1327 509; baseline -0.002 -8"><span class='ocrx_word' id='word_1_17' title='bbox 247 470 380 509; x_wconf 80' lang='lat' dir='ltr'>Largire</span> <span class='ocrx_word' id='word_1_18' title='bbox 406 471 488 502; x_wconf 85' lang='lat' dir='ltr'>dona</span> <span class='ocrx_word' id='word_1_19' title='bbox 513 470 642 502; x_wconf 81' lang='lat' dir='ltr'>coelitus</span> <span class='ocrx_word' id='word_1_20' title='bbox 927 468 1094 501; x_wconf 81' lang='lat' dir='ltr'>Consortes</span> <span class='ocrx_word' id='word_1_21' title='bbox 1119 468 1165 500; x_wconf 82' lang='lat' dir='ltr'>tui</span> <span class='ocrx_word' id='word_1_22' title='bbox 1189 467 1327 500; x_wconf 78' lang='lat' dir='ltr'>muneris</span> 
     </span>
     <span class='ocr_line' id='line_1_6' title="bbox 246 514 1353 556; baseline -0.002 -8"><span class='ocrx_word' id='word_1_23' title='bbox 246 517 323 549; x_wconf 89' lang='lat' dir='ltr'>Tuis</span> <span class='ocrx_word' id='word_1_24' title='bbox 347 518 447 549; x_wconf 82' lang='lat' dir='ltr'>servis</span> <span class='ocrx_word' id='word_1_25' title='bbox 472 517 621 550; x_wconf 82' lang='lat' dir='ltr'>indebitis</span> <span class='ocrx_word' id='word_1_26' title='bbox 924 516 1020 548; x_wconf 80' lang='lat' dir='ltr'>Tanti</span> <span class='ocrx_word' id='word_1_27' title='bbox 1043 516 1144 556; x_wconf 84' lang='lat' dir='ltr'>patris</span> <span class='ocrx_word' id='word_1_28' title='bbox 1170 514 1223 547; x_wconf 82' lang='lat' dir='ltr'>fae</span> <span class='ocrx_word' id='word_1_29' title='bbox 1247 523 1353 547; x_wconf 87' lang='lat' dir='ltr'>amore</span> 
     </span>
     <span class='ocr_line' id='line_1_7' title="bbox 248 562 1337 604; baseline -0.004 -7"><span class='ocrx_word' id='word_1_30' title='bbox 248 564 356 597; x_wconf 80' lang='lat' dir='ltr'>Sancti</span> <span class='ocrx_word' id='word_1_31' title='bbox 382 564 516 604; x_wconf 85' lang='lat' dir='ltr'>Galgani</span> <span class='ocrx_word' id='word_1_32' title='bbox 538 565 669 597; x_wconf 84' lang='lat' dir='ltr'>meritis.</span> <span class='ocrx_word' id='word_1_33' title='bbox 924 563 986 595; x_wconf 85' lang='lat' dir='ltr'>Suo</span> <span class='ocrx_word' id='word_1_34' title='bbox 1012 563 1184 603; x_wconf 79' lang='lat' dir='ltr'>gaudentes</span> <span class='ocrx_word' id='word_1_35' title='bbox 1208 562 1337 594; x_wconf 86' lang='lat' dir='ltr'>honore.</span> 
     </span>
    </p>

    <p class='ocr_par' dir='ltr' id='par_1_5' title="bbox 189 637 1378 822">
     <span class='ocr_line' id='line_1_8' title="bbox 189 637 1370 684; baseline -0.003 -12"><span class='ocrx_word' id='word_1_36' title='bbox 189 641 219 672; x_wconf 88' lang='grc'>2.</span> <span class='ocrx_word' id='word_1_37' title='bbox 246 641 298 684; x_wconf 88' lang='lat' dir='ltr'>Os,</span> <span class='ocrx_word' id='word_1_38' title='bbox 317 640 433 681; x_wconf 82' lang='lat' dir='ltr'>lingua,</span> <span class='ocrx_word' id='word_1_39' title='bbox 453 649 549 682; x_wconf 84' lang='lat' dir='ltr'>mens,</span> <span class='ocrx_word' id='word_1_40' title='bbox 568 648 688 679; x_wconf 86' lang='lat' dir='ltr'>sensus,</span> <span class='ocrx_word' id='word_1_41' title='bbox 707 641 805 681; x_wconf 84' lang='lat' dir='ltr'>vigor,</span> <span class='ocrx_word' id='word_1_42' title='bbox 864 640 896 671; x_wconf 88' lang='lat'>4.</span> <span class='ocrx_word' id='word_1_43' title='bbox 922 639 1074 671; x_wconf 83' lang='lat' dir='ltr'>Accende</span> <span class='ocrx_word' id='word_1_44' title='bbox 1094 640 1200 670; x_wconf 88' lang='lat' dir='ltr'>lumen</span> <span class='ocrx_word' id='word_1_45' title='bbox 1228 637 1370 669; x_wconf 86' lang='lat' dir='ltr'>cordium</span> 
     </span>
     <span class='ocr_line' id='line_1_9' title="bbox 247 685 1346 726; baseline -0.004 -7"><span class='ocrx_word' id='word_1_46' title='bbox 247 687 501 721; x_wconf 82' lang='lat' dir='ltr'>Conversationis</span> <span class='ocrx_word' id='word_1_47' title='bbox 526 688 611 726; x_wconf 85' lang='lat' dir='ltr'>rigor</span> <span class='ocrx_word' id='word_1_48' title='bbox 924 686 986 718; x_wconf 88' lang='lat' dir='ltr'>Per</span> <span class='ocrx_word' id='word_1_49' title='bbox 1011 686 1112 718; x_wconf 79' lang='lat' dir='ltr'>saneti</span> <span class='ocrx_word' id='word_1_50' title='bbox 1136 685 1346 726; x_wconf 79' lang='lat' dir='ltr'>patrocinium</span> 
     </span>
     <span class='ocr_line' id='line_1_10' title="bbox 246 732 1378 774; baseline -0.003 -8"><span class='ocrx_word' id='word_1_51' title='bbox 246 734 354 766; x_wconf 85' lang='lat' dir='ltr'>Sancti</span> <span class='ocrx_word' id='word_1_52' title='bbox 378 734 592 774; x_wconf 78' lang='lat' dir='ltr'>personabant</span> <span class='ocrx_word' id='word_1_53' title='bbox 615 742 670 766; x_wconf 88' lang='lat' dir='ltr'>ore</span> <span class='ocrx_word' id='word_1_54' title='bbox 925 732 1069 774; x_wconf 82' lang='lat' dir='ltr'>Galgani‚</span> <span class='ocrx_word' id='word_1_55' title='bbox 1096 734 1149 773; x_wconf 83' lang='lat' dir='ltr'>qui</span> <span class='ocrx_word' id='word_1_56' title='bbox 1172 741 1230 772; x_wconf 91' lang='lat' dir='ltr'>per</span> <span class='ocrx_word' id='word_1_57' title='bbox 1251 732 1378 763; x_wconf 79' lang='lat' dir='ltr'>saecula</span> 
     </span>
     <span class='ocr_line' id='line_1_11' title="bbox 246 779 1378 822; baseline -0.004 -8"><span class='ocrx_word' id='word_1_58' title='bbox 246 782 332 822; x_wconf 83' lang='lat' dir='ltr'>Ignis</span> <span class='ocrx_word' id='word_1_59' title='bbox 356 780 597 813; x_wconf 84' lang='lat' dir='ltr'>flammescentis</span> <span class='ocrx_word' id='word_1_60' title='bbox 621 789 716 815; x_wconf 85' lang='lat' dir='ltr'>more.</span> <span class='ocrx_word' id='word_1_61' title='bbox 923 779 991 813; x_wconf 82' lang='lat' dir='ltr'>Nos</span> <span class='ocrx_word' id='word_1_62' title='bbox 1015 780 1117 812; x_wconf 86' lang='lat' dir='ltr'>salvet</span> <span class='ocrx_word' id='word_1_63' title='bbox 1140 788 1236 820; x_wconf 82' lang='lat' dir='ltr'>prece</span> <span class='ocrx_word' id='word_1_64' title='bbox 1258 780 1378 811; x_wconf 86' lang='lat' dir='ltr'>sedula.</span> 
     </span>
    </p>
   </div>
   <div class='ocr_carea' id='block_1_4' title="bbox 187 869 1486 949">
    <p class='ocr_par' dir='ltr' id='par_1_6' title="bbox 187 869 1486 949">
     <span class='ocr_line' id='line_1_12' title="bbox 262 869 1486 907; baseline -0.002 -6"><span class='ocrx_word' id='word_1_65' title='bbox 262 875 346 901; x_wconf 85' lang='lat' dir='ltr'>Brev.</span> <span class='ocrx_word' id='word_1_66' title='bbox 366 883 418 901; x_wconf 90' lang='lat' dir='ltr'>ms.</span> <span class='ocrx_word' id='word_1_67' title='bbox 434 874 626 902; x_wconf 82' lang='lat' dir='ltr'>Cistereiense</span> <span class='ocrx_word' id='word_1_68' title='bbox 645 882 719 901; x_wconf 83' lang='lat' dir='ltr'>saec.</span> <span class='ocrx_word' id='word_1_69' title='bbox 742 873 785 902; x_wconf 77' lang='lat'>14.</span> <span class='ocrx_word' id='word_1_70' title='bbox 820 873 890 902; x_wconf 81' lang='lat' dir='ltr'>Cod.</span> <span class='ocrx_word' id='word_1_71' title='bbox 908 873 1080 901; x_wconf 85' lang='lat' dir='ltr'>Casanaten.</span> <span class='ocrx_word' id='word_1_72' title='bbox 1099 874 1126 901; x_wconf 91' lang='lat' dir='ltr'>A</span> <span class='ocrx_word' id='word_1_73' title='bbox 1144 873 1188 900; x_wconf 76' lang='lat' dir='ltr'>IV</span> <span class='ocrx_word' id='word_1_74' title='bbox 1209 871 1243 900; x_wconf 90' lang='grc'>16</span> <span class='ocrx_word' id='word_1_75' title='bbox 1264 869 1348 907; x_wconf 79' lang='grc'>(123).</span> <span class='ocrx_word' id='word_1_76' title='bbox 1370 887 1403 891; x_wconf 87' lang='grc'>-</span> <span class='ocrx_word' id='word_1_77' title='bbox 1421 869 1447 904; x_wconf 81' lang='lat'>2,</span> <span class='ocrx_word' id='word_1_78' title='bbox 1468 869 1486 898; x_wconf 84' lang='lat'>2</span> 
     </span>
     <span class='ocr_line' id='line_1_13' title="bbox 187 911 658 949; baseline -0.002 -10"><span class='ocrx_word' id='word_1_79' title='bbox 187 911 301 940; x_wconf 82' lang='lat' dir='ltr'>Ardens</span> <span class='ocrx_word' id='word_1_80' title='bbox 323 913 550 940; x_wconf 82' lang='lat' dir='ltr'>conversationis</span> <span class='ocrx_word' id='word_1_81' title='bbox 572 912 658 949; x_wconf 80' lang='lat' dir='ltr'>rigor.</span> 
     </span>
    </p>
   </div>
   <div class='ocr_carea' id='block_1_5' title="bbox 618 1078 1051 1119">
    <p class='ocr_par' dir='ltr' id='par_1_7' title="bbox 618 1078 1051 1119">
     <span class='ocr_line' id='line_1_14' title="bbox 618 1078 1051 1119; baseline -0.005 -9"><span class='ocrx_word' id='word_1_82' title='bbox 618 1079 680 1110; x_wconf 82' lang='lat'>180.</span> <span class='ocrx_word' id='word_1_83' title='bbox 710 1079 753 1110; x_wconf 84' lang='lat' dir='ltr'>De</span> <span class='ocrx_word' id='word_1_84' title='bbox 774 1081 880 1110; x_wconf 75' lang='lat' dir='ltr'>saneto</span> <span class='ocrx_word' id='word_1_85' title='bbox 903 1078 1051 1119; x_wconf 80' lang='lat' dir='ltr'>Galgano.</span> 
     </span>
    </p>
   </div>
   <div class='ocr_carea' id='block_1_6' title="bbox 719 1173 957 1213">
    <p class='ocr_par' dir='ltr' id='par_1_8' title="bbox 719 1173 957 1213">
     <span class='ocr_line' id='line_1_15' title="bbox 719 1173 957 1213; baseline -0.004 -9"><span class='ocrx_word' id='word_1_86' title='bbox 719 1174 754 1204; x_wconf 88' lang='lat' dir='ltr'>In</span> <span class='ocrx_word' id='word_1_87' title='bbox 772 1174 790 1203; x_wconf 82' lang='lat'>2</span> <span class='ocrx_word' id='word_1_88' title='bbox 809 1173 957 1213; x_wconf 86' lang='lat' dir='ltr'>Vesperis.</span> 
     </span>
    </p>
   </div>
   <div class='ocr_carea' id='block_1_7' title="bbox 186 1259 1454 2313">
    <p class='ocr_par' dir='ltr' id='par_1_9' title="bbox 188 1259 1416 1442">
     <span class='ocr_line' id='line_1_16' title="bbox 188 1259 1395 1303; baseline -0.002 -10"><span class='ocrx_word' id='word_1_89' title='bbox 188 1261 218 1294; x_wconf 85' lang='lat'>1.</span> <span class='ocrx_word' id='word_1_90' title='bbox 244 1261 391 1303; x_wconf 82' lang='lat' dir='ltr'>Laetare,</span> <span class='ocrx_word' id='word_1_91' title='bbox 416 1261 503 1293; x_wconf 87' lang='lat' dir='ltr'>clara</span> <span class='ocrx_word' id='word_1_92' title='bbox 526 1261 651 1301; x_wconf 83' lang='lat' dir='ltr'>Tuscia,</span> <span class='ocrx_word' id='word_1_93' title='bbox 876 1263 907 1294; x_wconf 85' lang='lat'>6.</span> <span class='ocrx_word' id='word_1_94' title='bbox 932 1261 1061 1293; x_wconf 86' lang='lat' dir='ltr'>Herbae</span> <span class='ocrx_word' id='word_1_95' title='bbox 1085 1261 1148 1293; x_wconf 86' lang='lat' dir='ltr'>sibi</span> <span class='ocrx_word' id='word_1_96' title='bbox 1174 1263 1248 1292; x_wconf 87' lang='lat' dir='ltr'>sunt</span> <span class='ocrx_word' id='word_1_97' title='bbox 1272 1259 1395 1292; x_wconf 77' lang='lat' dir='ltr'>fercula</span> 
     </span>
     <span class='ocr_line' id='line_1_17' title="bbox 242 1308 1402 1348; baseline -0.001 -8"><span class='ocrx_word' id='word_1_98' title='bbox 242 1308 294 1340; x_wconf 83' lang='lat' dir='ltr'>Ex</span> <span class='ocrx_word' id='word_1_99' title='bbox 321 1309 422 1347; x_wconf 88' lang='lat' dir='ltr'>stirpe</span> <span class='ocrx_word' id='word_1_100' title='bbox 446 1308 555 1347; x_wconf 83' lang='lat' dir='ltr'>prodit</span> <span class='ocrx_word' id='word_1_101' title='bbox 577 1308 686 1340; x_wconf 84' lang='lat' dir='ltr'>lueida</span> <span class='ocrx_word' id='word_1_102' title='bbox 933 1309 1087 1348; x_wconf 85' lang='lat' dir='ltr'>Aquaque</span> <span class='ocrx_word' id='word_1_103' title='bbox 1111 1308 1242 1339; x_wconf 80' lang='lat' dir='ltr'>madent</span> <span class='ocrx_word' id='word_1_104' title='bbox 1265 1310 1402 1348; x_wconf 86' lang='lat' dir='ltr'>guttura,</span> 
     </span>
     <span class='ocr_line' id='line_1_18' title="bbox 243 1354 1375 1397; baseline -0.001 -11"><span class='ocrx_word' id='word_1_105' title='bbox 243 1354 313 1386; x_wconf 81' lang='lat' dir='ltr'>Lux</span> <span class='ocrx_word' id='word_1_106' title='bbox 339 1356 430 1393; x_wconf 86' lang='lat' dir='ltr'>alma,</span> <span class='ocrx_word' id='word_1_107' title='bbox 456 1363 515 1393; x_wconf 87' lang='lat' dir='ltr'>per</span> <span class='ocrx_word' id='word_1_108' title='bbox 539 1364 630 1394; x_wconf 87' lang='lat' dir='ltr'>quam</span> <span class='ocrx_word' id='word_1_109' title='bbox 655 1356 772 1395; x_wconf 85' lang='lat' dir='ltr'>gaudia</span> <span class='ocrx_word' id='word_1_110' title='bbox 933 1355 986 1387; x_wconf 87' lang='lat' dir='ltr'>Illi</span> <span class='ocrx_word' id='word_1_111' title='bbox 1014 1354 1124 1397; x_wconf 80' lang='lat' dir='ltr'>„veni&#39;·&#39;</span> <span class='ocrx_word' id='word_1_112' title='bbox 1156 1363 1224 1386; x_wconf 86' lang='lat' dir='ltr'>eum</span> <span class='ocrx_word' id='word_1_113' title='bbox 1251 1355 1375 1393; x_wconf 83' lang='lat' dir='ltr'>dicitur,</span> 
     </span>
     <span class='ocr_line' id='line_1_19' title="bbox 245 1401 1416 1442; baseline 0.002 -9"><span class='ocrx_word' id='word_1_114' title='bbox 245 1402 315 1433; x_wconf 82' lang='lat' dir='ltr'>Sint</span> <span class='ocrx_word' id='word_1_115' title='bbox 335 1401 477 1433; x_wconf 83' lang='lat' dir='ltr'>omnibus</span> <span class='ocrx_word' id='word_1_116' title='bbox 499 1402 671 1442; x_wconf 81' lang='lat' dir='ltr'>paschalia.</span> <span class='ocrx_word' id='word_1_117' title='bbox 936 1401 1012 1434; x_wconf 86' lang='lat' dir='ltr'>Cum</span> <span class='ocrx_word' id='word_1_118' title='bbox 1036 1402 1108 1433; x_wconf 88' lang='lat' dir='ltr'>luce</span> <span class='ocrx_word' id='word_1_119' title='bbox 1134 1410 1248 1441; x_wconf 88' lang='lat' dir='ltr'>corpus</span> <span class='ocrx_word' id='word_1_120' title='bbox 1273 1402 1416 1435; x_wconf 86' lang='lat' dir='ltr'>solvitur.</span> 
     </span>
    </p>

    <p class='ocr_par' dir='ltr' id='par_1_10' title="bbox 186 1477 1389 1565">
     <span class='ocr_line' id='line_1_20' title="bbox 186 1477 1389 1519; baseline 0.001 -10"><span class='ocrx_word' id='word_1_121' title='bbox 186 1478 217 1510; x_wconf 86' lang='lat'>2.</span> <span class='ocrx_word' id='word_1_122' title='bbox 242 1477 353 1516; x_wconf 84' lang='lat' dir='ltr'>Magni</span> <span class='ocrx_word' id='word_1_123' title='bbox 378 1479 526 1516; x_wconf 85' lang='lat' dir='ltr'>parentes</span> <span class='ocrx_word' id='word_1_124' title='bbox 551 1478 702 1517; x_wconf 75' lang='lat' dir='ltr'>sanguine</span> <span class='ocrx_word' id='word_1_125' title='bbox 877 1479 908 1510; x_wconf 88' lang='grc'>7.</span> <span class='ocrx_word' id='word_1_126' title='bbox 934 1477 1065 1509; x_wconf 85' lang='lat' dir='ltr'>Sanavit</span> <span class='ocrx_word' id='word_1_127' title='bbox 1089 1486 1199 1518; x_wconf 84' lang='lat' dir='ltr'>aegros</span> <span class='ocrx_word' id='word_1_128' title='bbox 1224 1478 1389 1519; x_wconf 82' lang='lat' dir='ltr'>plurimOS,</span> 
     </span>
     <span class='ocr_line' id='line_1_21' title="bbox 242 1524 1327 1565; baseline -0.001 -8"><span class='ocrx_word' id='word_1_129' title='bbox 242 1525 419 1557; x_wconf 79' lang='lat' dir='ltr'>Laetantur</span> <span class='ocrx_word' id='word_1_130' title='bbox 445 1532 484 1555; x_wconf 79' lang='lat' dir='ltr'>ex</span> <span class='ocrx_word' id='word_1_131' title='bbox 509 1524 629 1564; x_wconf 84' lang='lat' dir='ltr'>origine</span> <span class='ocrx_word' id='word_1_132' title='bbox 933 1524 1148 1557; x_wconf 76' lang='lat' dir='ltr'>Resuscitavit</span> <span class='ocrx_word' id='word_1_133' title='bbox 1176 1528 1327 1565; x_wconf 89' lang='lat' dir='ltr'>mortuos,</span> 
     </span>
    </p>

    <p class='ocr_par' dir='ltr' id='par_1_11' title="bbox 243 1570 1454 1660">
     <span class='ocr_line' id='line_1_22' title="bbox 243 1570 1447 1614; baseline 0 -11"><span class='ocrx_word' id='word_1_134' title='bbox 243 1570 331 1611; x_wconf 80' lang='lat' dir='ltr'>Nati,</span> <span class='ocrx_word' id='word_1_135' title='bbox 358 1570 457 1602; x_wconf 85' lang='lat' dir='ltr'>futuri</span> <span class='ocrx_word' id='word_1_136' title='bbox 481 1571 601 1611; x_wconf 81' lang='lat' dir='ltr'>militis,</span> <span class='ocrx_word' id='word_1_137' title='bbox 933 1572 1102 1612; x_wconf 81' lang='lat' dir='ltr'>Mundans,</span> <span class='ocrx_word' id='word_1_138' title='bbox 1129 1570 1242 1611; x_wconf 81' lang='lat' dir='ltr'>fugans</span> <span class='ocrx_word' id='word_1_139' title='bbox 1267 1572 1320 1603; x_wconf 79' lang='lat' dir='ltr'>hic</span> <span class='ocrx_word' id='word_1_140' title='bbox 1342 1573 1447 1614; x_wconf 84' lang='lat' dir='ltr'>eripit,</span> 
     </span>
     <span class='ocr_line' id='line_1_23' title="bbox 248 1617 1454 1660; baseline 0 -9"><span class='ocrx_word' id='word_1_141' title='bbox 248 1618 401 1651; x_wconf 71' lang='lat' dir='ltr'>eoelestis</span> <span class='ocrx_word' id='word_1_142' title='bbox 427 1617 518 1650; x_wconf 89' lang='lat' dir='ltr'>aulae</span> <span class='ocrx_word' id='word_1_143' title='bbox 541 1618 707 1658; x_wconf 84' lang='lat' dir='ltr'>principis.</span> <span class='ocrx_word' id='word_1_144' title='bbox 935 1619 1021 1658; x_wconf 81' lang='lat' dir='ltr'>Quae</span> <span class='ocrx_word' id='word_1_145' title='bbox 1044 1622 1119 1650; x_wconf 86' lang='lat' dir='ltr'>sunt</span> <span class='ocrx_word' id='word_1_146' title='bbox 1142 1620 1264 1659; x_wconf 80' lang='lat' dir='ltr'>nociva,</span> <span class='ocrx_word' id='word_1_147' title='bbox 1291 1619 1454 1660; x_wconf 83' lang='lat' dir='ltr'>opprimit.</span> 
     </span>
    </p>

    <p class='ocr_par' dir='ltr' id='par_1_12' title="bbox 188 1693 1363 1736">
     <span class='ocr_line' id='line_1_24' title="bbox 188 1693 1363 1736; baseline -0.001 -9"><span class='ocrx_word' id='word_1_148' title='bbox 188 1695 220 1727; x_wconf 82' lang='lat'>3.</span> <span class='ocrx_word' id='word_1_149' title='bbox 250 1693 410 1733; x_wconf 82' lang='lat' dir='ltr'>Galganus</span> <span class='ocrx_word' id='word_1_150' title='bbox 433 1693 498 1725; x_wconf 84' lang='lat' dir='ltr'>alta</span> <span class='ocrx_word' id='word_1_151' title='bbox 521 1695 657 1725; x_wconf 83' lang='lat' dir='ltr'>somniat</span> <span class='ocrx_word' id='word_1_152' title='bbox 878 1696 910 1727; x_wconf 87' lang='lat'>8.</span> <span class='ocrx_word' id='word_1_153' title='bbox 935 1695 1028 1726; x_wconf 78' lang='lat' dir='ltr'>Mens</span> <span class='ocrx_word' id='word_1_154' title='bbox 1052 1694 1188 1734; x_wconf 75' lang='lat' dir='ltr'>gaudeat</span> <span class='ocrx_word' id='word_1_155' title='bbox 1212 1694 1363 1736; x_wconf 84' lang='lat' dir='ltr'>fidelium,</span> 
     </span>
    </p>

    <p class='ocr_par' dir='ltr' id='par_1_13' title="bbox 242 1740 1407 1875">
     <span class='ocr_line' id='line_1_25' title="bbox 242 1740 1385 1783; baseline 0.001 -10"><span class='ocrx_word' id='word_1_156' title='bbox 242 1741 288 1773; x_wconf 87' lang='lat' dir='ltr'>Et</span> <span class='ocrx_word' id='word_1_157' title='bbox 310 1740 380 1772; x_wconf 81' lang='lat' dir='ltr'>visa</span> <span class='ocrx_word' id='word_1_158' title='bbox 401 1741 496 1772; x_wconf 85' lang='lat' dir='ltr'>matri</span> <span class='ocrx_word' id='word_1_159' title='bbox 521 1742 653 1780; x_wconf 87' lang='lat' dir='ltr'>nuntiat,</span> <span class='ocrx_word' id='word_1_160' title='bbox 937 1740 1021 1773; x_wconf 84' lang='lat' dir='ltr'>Gens</span> <span class='ocrx_word' id='word_1_161' title='bbox 1045 1741 1176 1782; x_wconf 83' lang='lat' dir='ltr'>plangat</span> <span class='ocrx_word' id='word_1_162' title='bbox 1199 1741 1385 1783; x_wconf 83' lang='lat' dir='ltr'>infidelium,</span> 
     </span>
     <span class='ocr_line' id='line_1_26' title="bbox 245 1787 1407 1830; baseline 0.003 -11"><span class='ocrx_word' id='word_1_163' title='bbox 245 1787 360 1820; x_wconf 88' lang='lat' dir='ltr'>Differt</span> <span class='ocrx_word' id='word_1_164' title='bbox 383 1790 497 1830; x_wconf 83' lang='lat' dir='ltr'>tamen,</span> <span class='ocrx_word' id='word_1_165' title='bbox 530 1788 697 1819; x_wconf 86' lang='lat' dir='ltr'>deducitur</span> <span class='ocrx_word' id='word_1_166' title='bbox 935 1788 1025 1821; x_wconf 88' lang='lat' dir='ltr'>Haec</span> <span class='ocrx_word' id='word_1_167' title='bbox 1049 1788 1139 1829; x_wconf 85' lang='lat' dir='ltr'>signa</span> <span class='ocrx_word' id='word_1_168' title='bbox 1163 1787 1250 1821; x_wconf 86' lang='lat' dir='ltr'>facta</span> <span class='ocrx_word' id='word_1_169' title='bbox 1272 1789 1407 1822; x_wconf 84' lang='lat' dir='ltr'>firmiter</span> 
     </span>
     <span class='ocr_line' id='line_1_27' title="bbox 245 1834 1347 1875; baseline 0.002 -7"><span class='ocrx_word' id='word_1_170' title='bbox 245 1835 337 1875; x_wconf 87' lang='lat' dir='ltr'>Illuc,</span> <span class='ocrx_word' id='word_1_171' title='bbox 362 1834 418 1866; x_wconf 90' lang='lat' dir='ltr'>ubi</span> <span class='ocrx_word' id='word_1_172' title='bbox 443 1835 646 1868; x_wconf 86' lang='lat' dir='ltr'>convertitur.</span> <span class='ocrx_word' id='word_1_173' title='bbox 936 1836 1076 1869; x_wconf 76' lang='lat' dir='ltr'>Credant</span> <span class='ocrx_word' id='word_1_174' title='bbox 1100 1836 1174 1868; x_wconf 89' lang='lat' dir='ltr'>boni</span> <span class='ocrx_word' id='word_1_175' title='bbox 1197 1836 1347 1871; x_wconf 86' lang='lat' dir='ltr'>fideliter.</span> 
     </span>
    </p>

    <p class='ocr_par' dir='ltr' id='par_1_14' title="bbox 188 1909 1357 2000">
     <span class='ocr_line' id='line_1_28' title="bbox 188 1909 1357 1955; baseline 0.003 -12"><span class='ocrx_word' id='word_1_176' title='bbox 188 1912 221 1943; x_wconf 82' lang='lat'>4.</span> <span class='ocrx_word' id='word_1_177' title='bbox 246 1911 301 1942; x_wconf 86' lang='lat' dir='ltr'>Fit</span> <span class='ocrx_word' id='word_1_178' title='bbox 326 1919 433 1942; x_wconf 89' lang='lat' dir='ltr'>mucro</span> <span class='ocrx_word' id='word_1_179' title='bbox 460 1918 546 1950; x_wconf 82' lang='lat' dir='ltr'>crux,</span> <span class='ocrx_word' id='word_1_180' title='bbox 574 1910 648 1942; x_wconf 88' lang='lat' dir='ltr'>dum</span> <span class='ocrx_word' id='word_1_181' title='bbox 672 1909 789 1954; x_wconf 83' lang='lat' dir='ltr'>figitur,</span> <span class='ocrx_word' id='word_1_182' title='bbox 879 1912 910 1944; x_wconf 83' lang='lat'>9.</span> <span class='ocrx_word' id='word_1_183' title='bbox 938 1911 1079 1952; x_wconf 81' lang='lat' dir='ltr'>Galgane</span> <span class='ocrx_word' id='word_1_184' title='bbox 1103 1915 1204 1955; x_wconf 85' lang='lat' dir='ltr'>pater,</span> <span class='ocrx_word' id='word_1_185' title='bbox 1229 1915 1357 1954; x_wconf 83' lang='lat' dir='ltr'>postula</span> 
     </span>
     <span class='ocr_line' id='line_1_29' title="bbox 245 1956 1258 2000; baseline 0.002 -10"><span class='ocrx_word' id='word_1_186' title='bbox 245 1958 296 1990; x_wconf 87' lang='lat' dir='ltr'>Ab</span> <span class='ocrx_word' id='word_1_187' title='bbox 321 1957 438 1990; x_wconf 85' lang='lat' dir='ltr'>invidis</span> <span class='ocrx_word' id='word_1_188' title='bbox 464 1959 520 1990; x_wconf 87' lang='lat' dir='ltr'>sed</span> <span class='ocrx_word' id='word_1_189' title='bbox 546 1956 713 1998; x_wconf 83' lang='lat' dir='ltr'>frangitur,</span> <span class='ocrx_word' id='word_1_190' title='bbox 936 1958 1113 1992; x_wconf 86' lang='lat' dir='ltr'>Devotione</span> <span class='ocrx_word' id='word_1_191' title='bbox 1137 1960 1258 2000; x_wconf 84' lang='lat' dir='ltr'>sedula,</span> 
     </span>
    </p>

    <p class='ocr_par' dir='ltr' id='par_1_15' title="bbox 244 2005 1395 2094">
     <span class='ocr_line' id='line_1_30' title="bbox 244 2005 1395 2044; baseline 0.003 -7"><span class='ocrx_word' id='word_1_192' title='bbox 244 2005 296 2037; x_wconf 87' lang='lat' dir='ltr'>En</span> <span class='ocrx_word' id='word_1_193' title='bbox 320 2007 422 2037; x_wconf 87' lang='lat' dir='ltr'>morte</span> <span class='ocrx_word' id='word_1_194' title='bbox 445 2014 547 2044; x_wconf 85' lang='lat' dir='ltr'>prava</span> <span class='ocrx_word' id='word_1_195' title='bbox 569 2005 689 2044; x_wconf 87' lang='lat' dir='ltr'>perditi</span> <span class='ocrx_word' id='word_1_196' title='bbox 938 2006 986 2040; x_wconf 88' lang='lat' dir='ltr'>Ut</span> <span class='ocrx_word' id='word_1_197' title='bbox 1007 2016 1064 2038; x_wconf 88' lang='lat' dir='ltr'>nos</span> <span class='ocrx_word' id='word_1_198' title='bbox 1090 2007 1130 2039; x_wconf 88' lang='lat' dir='ltr'>ab</span> <span class='ocrx_word' id='word_1_199' title='bbox 1154 2008 1239 2039; x_wconf 88' lang='lat' dir='ltr'>omni</span> <span class='ocrx_word' id='word_1_200' title='bbox 1264 2009 1395 2041; x_wconf 88' lang='lat' dir='ltr'>crimine</span> 
     </span>
     <span class='ocr_line' id='line_1_31' title="bbox 244 2052 1351 2094; baseline 0.003 -10"><span class='ocrx_word' id='word_1_201' title='bbox 244 2052 325 2084; x_wconf 84' lang='lat' dir='ltr'>Sunt</span> <span class='ocrx_word' id='word_1_202' title='bbox 347 2052 381 2084; x_wconf 91' lang='lat' dir='ltr'>hi</span> <span class='ocrx_word' id='word_1_203' title='bbox 406 2052 467 2084; x_wconf 90' lang='lat' dir='ltr'>cito</span> <span class='ocrx_word' id='word_1_204' title='bbox 491 2055 566 2092; x_wconf 88' lang='lat' dir='ltr'>post</span> <span class='ocrx_word' id='word_1_205' title='bbox 587 2053 699 2085; x_wconf 85' lang='lat' dir='ltr'>invidi.</span> <span class='ocrx_word' id='word_1_206' title='bbox 939 2053 1057 2094; x_wconf 86' lang='lat' dir='ltr'>Purget</span> <span class='ocrx_word' id='word_1_207' title='bbox 1080 2057 1133 2086; x_wconf 91' lang='lat' dir='ltr'>tuo</span> <span class='ocrx_word' id='word_1_208' title='bbox 1157 2055 1351 2094; x_wconf 76' lang='lat' dir='ltr'>precamine,</span> 
     </span>
    </p>

    <p class='ocr_par' dir='ltr' id='par_1_16' title="bbox 189 2128 1372 2313">
     <span class='ocr_line' id='line_1_32' title="bbox 189 2128 1276 2171; baseline 0.004 -12"><span class='ocrx_word' id='word_1_209' title='bbox 189 2129 219 2160; x_wconf 82' lang='lat'>5.</span> <span class='ocrx_word' id='word_1_210' title='bbox 245 2128 283 2160; x_wconf 82' lang='lat' dir='ltr'>In</span> <span class='ocrx_word' id='word_1_211' title='bbox 307 2136 391 2167; x_wconf 87' lang='lat' dir='ltr'>pane</span> <span class='ocrx_word' id='word_1_212' title='bbox 415 2128 539 2168; x_wconf 86' lang='lat' dir='ltr'>signum</span> <span class='ocrx_word' id='word_1_213' title='bbox 562 2128 697 2167; x_wconf 87' lang='lat' dir='ltr'>protulit</span> <span class='ocrx_word' id='word_1_214' title='bbox 870 2129 924 2162; x_wconf 89' lang='lat'>10.</span> <span class='ocrx_word' id='word_1_215' title='bbox 941 2130 990 2163; x_wconf 80' lang='lat' dir='ltr'>Sit</span> <span class='ocrx_word' id='word_1_216' title='bbox 1013 2130 1149 2162; x_wconf 81' lang='lat' dir='ltr'>trinitati</span> <span class='ocrx_word' id='word_1_217' title='bbox 1174 2130 1276 2171; x_wconf 85' lang='lat' dir='ltr'>gloria</span> 
     </span>
     <span class='ocr_line' id='line_1_33' title="bbox 246 2174 1372 2218; baseline 0.004 -11"><span class='ocrx_word' id='word_1_218' title='bbox 246 2175 389 2213; x_wconf 85' lang='lat' dir='ltr'>Sanctus,</span> <span class='ocrx_word' id='word_1_219' title='bbox 414 2175 476 2207; x_wconf 88' lang='lat' dir='ltr'>sibi</span> <span class='ocrx_word' id='word_1_220' title='bbox 500 2184 559 2207; x_wconf 89' lang='lat' dir='ltr'>nec</span> <span class='ocrx_word' id='word_1_221' title='bbox 584 2174 696 2215; x_wconf 81' lang='lat' dir='ltr'>obfuit,</span> <span class='ocrx_word' id='word_1_222' title='bbox 939 2177 988 2209; x_wconf 86' lang='lat' dir='ltr'>Ac</span> <span class='ocrx_word' id='word_1_223' title='bbox 1011 2178 1081 2209; x_wconf 83' lang='lat' dir='ltr'>laus</span> <span class='ocrx_word' id='word_1_224' title='bbox 1106 2178 1148 2210; x_wconf 91' lang='lat' dir='ltr'>sit</span> <span class='ocrx_word' id='word_1_225' title='bbox 1173 2180 1205 2210; x_wconf 83' lang='lat' dir='ltr'>et</span> <span class='ocrx_word' id='word_1_226' title='bbox 1227 2180 1372 2218; x_wconf 83' lang='lat' dir='ltr'>potentia</span> 
     </span>
     <span class='ocr_line' id='line_1_34' title="bbox 246 2222 1308 2266; baseline 0.005 -13"><span class='ocrx_word' id='word_1_227' title='bbox 246 2223 332 2261; x_wconf 79' lang='lat' dir='ltr'>Quae</span> <span class='ocrx_word' id='word_1_228' title='bbox 354 2225 448 2254; x_wconf 87' lang='lat' dir='ltr'>nocte</span> <span class='ocrx_word' id='word_1_229' title='bbox 471 2222 518 2263; x_wconf 89' lang='lat' dir='ltr'>fit,</span> <span class='ocrx_word' id='word_1_230' title='bbox 544 2223 720 2266; x_wconf 78' lang='lat' dir='ltr'>temptatio,</span> <span class='ocrx_word' id='word_1_231' title='bbox 939 2224 1012 2258; x_wconf 88' lang='lat' dir='ltr'>Una</span> <span class='ocrx_word' id='word_1_232' title='bbox 1037 2226 1121 2264; x_wconf 86' lang='lat' dir='ltr'>patri</span> <span class='ocrx_word' id='word_1_233' title='bbox 1148 2234 1218 2258; x_wconf 86' lang='lat' dir='ltr'>eum</span> <span class='ocrx_word' id='word_1_234' title='bbox 1242 2225 1308 2258; x_wconf 84' lang='lat' dir='ltr'>filio</span> 
     </span>
     <span class='ocr_line' id='line_1_35' title="bbox 246 2269 1323 2313; baseline 0.003 -11"><span class='ocrx_word' id='word_1_235' title='bbox 246 2269 310 2302; x_wconf 80' lang='lat' dir='ltr'>Sed</span> <span class='ocrx_word' id='word_1_236' title='bbox 336 2271 364 2302; x_wconf 88' lang='grc'>81</span> <span class='ocrx_word' id='word_1_237' title='bbox 388 2273 437 2302; x_wconf 89' lang='lat' dir='ltr'>est</span> <span class='ocrx_word' id='word_1_238' title='bbox 459 2270 616 2311; x_wconf 76' lang='lat' dir='ltr'>probatio.</span> <span class='ocrx_word' id='word_1_239' title='bbox 938 2273 988 2304; x_wconf 90' lang='lat' dir='ltr'>Ac</span> <span class='ocrx_word' id='word_1_240' title='bbox 1015 2273 1131 2311; x_wconf 82' lang='lat' dir='ltr'>spiritu</span> <span class='ocrx_word' id='word_1_241' title='bbox 1156 2274 1323 2313; x_wconf 72' lang='lat' dir='ltr'>paraciito,</span> 
     </span>
    </p>
   </div>
   <div class='ocr_carea' id='block_1_8' title="bbox 190 2362 1498 2440">
    <p class='ocr_par' dir='ltr' id='par_1_17' title="bbox 190 2362 1498 2440">
     <span class='ocr_line' id='line_1_36' title="bbox 263 2362 1498 2404; baseline 0.006 -13"><span class='ocrx_word' id='word_1_242' title='bbox 263 2364 349 2391; x_wconf 75' lang='lat' dir='ltr'>Brev.</span> <span class='ocrx_word' id='word_1_243' title='bbox 377 2372 431 2391; x_wconf 85' lang='lat' dir='ltr'>ms.</span> <span class='ocrx_word' id='word_1_244' title='bbox 459 2365 652 2393; x_wconf 76' lang='lat' dir='ltr'>Cistereiense</span> <span class='ocrx_word' id='word_1_245' title='bbox 683 2372 758 2392; x_wconf 83' lang='lat' dir='ltr'>saec.</span> <span class='ocrx_word' id='word_1_246' title='bbox 787 2362 831 2391; x_wconf 83' lang='grc'>14.</span> <span class='ocrx_word' id='word_1_247' title='bbox 871 2364 940 2392; x_wconf 82' lang='lat' dir='ltr'>Cod.</span> <span class='ocrx_word' id='word_1_248' title='bbox 962 2366 1136 2394; x_wconf 82' lang='lat' dir='ltr'>Casanaten.</span> <span class='ocrx_word' id='word_1_249' title='bbox 1162 2367 1188 2394; x_wconf 82' lang='lat' dir='ltr'>A</span> <span class='ocrx_word' id='word_1_250' title='bbox 1213 2368 1257 2395; x_wconf 80' lang='lat' dir='ltr'>IV</span> <span class='ocrx_word' id='word_1_251' title='bbox 1285 2366 1320 2397; x_wconf 86' lang='lat'>16</span> <span class='ocrx_word' id='word_1_252' title='bbox 1345 2368 1431 2404; x_wconf 84' lang='grc'>(123).</span> <span class='ocrx_word' id='word_1_253' title='bbox 1460 2387 1498 2392; x_wconf 92' lang='lat'>—</span> 
     </span>
     <span class='ocr_line' id='line_1_37' title="bbox 190 2401 1366 2440; baseline 0.004 -11"><span class='ocrx_word' id='word_1_254' title='bbox 190 2401 217 2437; x_wconf 86' lang='lat'>2,</span> <span class='ocrx_word' id='word_1_255' title='bbox 240 2401 255 2430; x_wconf 88' lang='lat'>1</span> <span class='ocrx_word' id='word_1_256' title='bbox 276 2403 414 2438; x_wconf 84' lang='lat' dir='ltr'>parentis.</span> <span class='ocrx_word' id='word_1_257' title='bbox 444 2420 459 2423; x_wconf 98' lang='lat'><em>-</em></span> <span class='ocrx_word' id='word_1_258' title='bbox 494 2402 519 2436; x_wconf 85' lang='lat'>6,</span> <span class='ocrx_word' id='word_1_259' title='bbox 540 2401 557 2429; x_wconf 82' lang='lat'>2</span> <span class='ocrx_word' id='word_1_260' title='bbox 577 2402 650 2431; x_wconf 81' lang='lat' dir='ltr'>fehlt</span> <span class='ocrx_word' id='word_1_261' title='bbox 670 2403 736 2430; x_wconf 85' lang='lat' dir='ltr'>eine</span> <span class='ocrx_word' id='word_1_262' title='bbox 755 2402 850 2439; x_wconf 81' lang='lat' dir='ltr'>Silbe3</span> <span class='ocrx_word' id='word_1_263' title='bbox 872 2412 928 2439; x_wconf 80' lang='lat' dir='ltr'>que</span> <span class='ocrx_word' id='word_1_264' title='bbox 948 2405 1075 2440; x_wconf 64' lang='lat' dir='ltr'>erganzt.</span> <span class='ocrx_word' id='word_1_265' title='bbox 1096 2420 1133 2424; x_wconf 93' lang='lat'>-—-</span> <span class='ocrx_word' id='word_1_266' title='bbox 1154 2403 1180 2440; x_wconf 88' lang='lat'>6,</span> <span class='ocrx_word' id='word_1_267' title='bbox 1203 2403 1221 2434; x_wconf 87' lang='lat'><strong>3</strong></span> <span class='ocrx_word' id='word_1_268' title='bbox 1241 2406 1366 2435; x_wconf 85' lang='lat' dir='ltr'>ducitur.</span> 
     </span>
    </p>
   </div>
  </div>
 </body>
</html>
