1651 2621
167 201 197 233 3.

708 103 942 138 *79*

227 200 413 234 Caeduntur
437 201 533 241 virgis
560 202 697 242 fortiter,

224 247 395 280 Jactantur
419 248 516 280 maris
541 247 690 282 fluctibus

225 294 271 326 Et
293 296 363 335 rogi
388 293 523 327 flammis
549 296 702 337 trucibus,

223 342 349 374 Illaesis
375 342 527 374 membris
554 346 679 376 exeunt.

223 417 311 449 Hinc
341 417 430 451 dolet
454 427 583 458 praeses
606 420 747 460 nimium,

226 465 344 498 Levari
370 466 403 498 in
426 467 592 506 equuleum

225 512 329 545 Jussit
354 522 407 546 eos
434 516 466 546 et
489 512 603 547 ferreis

227 561 328 594 Uneis
354 563 454 594 artari
480 562 618 596 fortiter.

195 661 202 670 .
230 637 467 679 Crucifiguntur
489 641 648 680 martyres

228 685 369 725 Cosmas,
397 685 570 718 Damianus
596 687 723 728 medici,

229 732 349 765 Christi
375 732 492 765 fratres
519 737 551 765 et
575 734 632 766 alii

228 778 332 812 Fusco
359 781 530 813 traduntur
556 782 689 814 carceri.

859 202 890 234 6.
917 199 1043 233 Dehine
1069 200 1226 233 ducuntur
1248 201 1404 239 martyres

917 248 990 282 Jam
1015 248 1173 289 praesidis
1199 249 1239 281 ad
1265 247 1413 289 stadium,

918 295 1027 329 Thura
1052 296 1112 328 diis
1137 296 1340 337 projicerent,

918 343 1007 382 Quod
1033 347 1188 384 respuunt
1212 343 1395 385 aequaliter.

883 444 890 452 .
918 418 965 452 Ob
988 418 1050 451 hoo
1076 419 1171 451 datur
1194 418 1352 451 sententia

919 465 1082 508 Capitalis,
1110 475 1172 507 qua
1197 475 1331 506 corpora

916 514 981 547 Sua
1013 513 1128 546 darent
1150 517 1184 546 'in
1208 514 1344 546 hostiam

916 563 956 595 In
980 561 1094 594 summi
1118 562 1220 602 patris
1243 561 1388 603 gioriam.

857 639 889 672 8.
914 638 964 671 Tu
988 640 1064 670 vota.
1088 640 1198 670 nostra
1224 638 1361 677 suscipe,

917 687 978 725 Qui
1002 685 1104 717 trinus
1131 694 1163 717 es
1190 687 1221 717 et
1245 686 1367 726 unicus,

917 733 962 767 Ut
988 742 1165 766 mereamur
1189 731 1313 773 perfrui

915 783 955 814 In
984 780 1048 813 fine
1072 780 1183 813 mundi
1206 780 1342 821 gaudiis,

570 860 601 891 9.
631 858 743 891 Gloria
768 857 836 902 tibi,
866 858 1011 892 Domine.

243 942 328 969 Brev.
351 950 405 969 ms.
420 941 589 970 Abiasehae
608 951 684 970 saec.
704 940 780 971 14Ιιῡ.
812 941 881 970 Cod.
901 942 1086 970 Ambrosian.
1106 942 1134 969 X
1155 939 1192 968 22
1213 950 1276 977 sup.
1291 941 1325 968 A.
1399 942 1484 969 Ersv.

165 979 394 1008 Ambrosianum
422 981 492 1017 imp.
512 980 675 1008 Mediolani
702 977 785 1008 1490.
806 980 841 1008 B.
860 995 895 999 —
927 980 959 1013 1,
985 977 1002 1007 :3
1023 979 1184 1016 promundo
1205 987 1363 1007 consonans
1391 979 1425 1007 A.
1447 994 1484 999 -

165 1016 191 1049 3,
215 1016 232 1046 3
253 1020 315 1054 regi
330 1018 365 1045 A.
388 1032 424 1037 —-
443 1017 471 1054 4,
492 1017 512 1046 4
525 1018 620 1055 Ungis
642 1020 740 1055 arpari
753 1018 789 1045 A.
810 1033 846 1038 —
861 1016 887 1053 5,
910 1016 927 1045 2
943 1017 1062 1046 Cosmas
1086 1020 1114 1045 st
1126 1018 1290 1045 Damianus
1304 1018 1337 1045 B.
1359 1032 1395 1037 ——
1418 1015 1443 1051 6,
1465 1015 1482 1044 2

165 1055 233 1084 Jam
254 1055 391 1092 praefidit
410 1056 447 1083 ad
467 1058 604 1093 stagnum
623 1057 658 1085 A.
680 1071 717 1076 —-
735 1055 765 1089 6,
791 1054 811 1084 4
830 1058 943 1093 respuit
961 1057 996 1084 A.
1017 1072 1056 1076 —-
1075 1054 1101 1089 7,
1123 1055 1140 1083 2
1164 1063 1227 1083 cam
1248 1064 1371 1091 corpora
1390 1056 1423 1083 Α.
1446 1070 1483 1075 --

166 1094 193 1127 ’7,
214 1092 232 1122 3
252 1094 351 1122 hostia
370 1096 404 1122 Β.
425 1109 463 1113 —
484 1094 510 1129 7,
530 1093 550 1122 4
569 1095 605 1122 In
625 1097 692 1122 sinu
713 1096 805 1130 patris
826 1095 860 1127 A,
881 1095 979 1132 gloria
997 1094 1056 1122 AB.
1087 1114 1090 1117 -

166 1133 330 1162 individuis
351 1133 385 1166 A,
409 1133 466 1167 Qui
487 1133 582 1161 trinus
604 1142 634 1161 cs
656 1135 686 1161 et
705 1132 840 1161 dominus
861 1134 894 1161 B.

1136 1091 1162 1128 8,
1184 1092 1201 1121 2
1225 1095 1282 1128 Qui
1302 1094 1396 1121 trinus
1421 1102 1462 1121 ess:

597 1310 657 1342 127.
688 1311 731 1342 De
752 1310 861 1342 saneto
883 1309 1053 1342 Dalmatio.

662 1398 712 1427 Ad
732 1397 821 1435 Vesp.
847 1399 876 1428 et
894 1396 988 1427 Laud.

860 1478 891 1510 5.
917 1476 1046 1515 Martyr
1070 1475 1183 1515 positis
1208 1475 1369 1516 gressibus

916 1524 1135 1556 Mediolanum
1160 1524 1290 1555 veniens

918 1571 1040 1604 Viduae
1065 1571 1205 1603 reddens
1232 1571 1327 1603 filium

916 1619 1073 1651 Effectum
1099 1627 1212 1650 sanum
1234 1618 1384 1660 undiquc.

169 1477 199 1509 1.
228 1476 391 1517 Hymnum
417 1485 532 1508 novum
559 1476 755 1517 clementius,

231 1523 357 1557 Christe
382 1523 577 1568 redemptor,
604 1525 742 1565 suscipe,

230 1573 288 1611 Qui
313 1573 478 1604 attraxisti
501 1574 675 1614 martyrem

225 1620 422 1653 Dalmatium
455 1620 625 1661 egregium.

168 1700 203 1731 2.
229 1697 289 1737 Qui
316 1700 410 1729 natus
436 1697 539 1736 stirpe
563 1697 704 1729 maxima
858 1698 890 1731 6.
916 1696 1142 1728 Auriatensem
1166 1696 1376 1736 perlustranS,

227 1744 423 1785 Relinquens
448 1744 550 1777 solum
574 1745 741 1786 proprium
917 1744 982 1777 Sed
1007 1744 1139 1777 Pedona
1162 1753 1226 1776 non
1249 1743 1369 1775 labitur

227 1792 273 1825 Et
296 1792 442 1833 giorum,
469 1792 599 1825 divitias
917 1792 969 1825 Ab
996 1792 1098 1832 ipsius
1122 1792 1284 1833 memoria,

227 1841 377 1873 Pedonas
400 1840 535 1872 tendens
559 1840 716 1881 pervenit.
915 1840 983 1880 Quo
1009 1842 1164 1881 appetens
1187 1839 1360 1879 quiescere.

168 1920 200 1952 3.
226 1917 305 1949 Post
328 1916 409 1948 haec
432 1917 567 1948 salutem
594 1917 726 1949 contulit
859 1917 888 1950 7.
916 1916 974 1956 Qui
999 1917 1142 1948 mortuus
1167 1924 1226 1955 pro
1251 1915 1388 1948 Domino

228 1964 333 1997 Natae
359 1964 524 2003 cujusdam
547 1964 703 2005 principis
914 1963 1009 1997 Nunc
1039 1966 1152 2004 regnat
1177 1972 1246 1995 cum
1272 1964 1481 2008 archangeli-²,

227 2013 302 2045 Solo
328 2015 439 2046 sancto
464 2013 627 2051 praesidio
914 2012 977 2045 Pro
1003 2021 1073 2054 quo.
1100 2020 1246 2052 rogemus
1271 2012 1402 2054 pariter²

227 2061 377 2094 Donante
404 2060 523 2093 Christi
547 2061 661 2101 gratia.
916 2060 1048 2093 Veniam
1074 2059 1165 2092 nobis
1190 2060 1351 2100 impetret,

167 2140 200 2172 4.
227 2138 364 2171 Alveum
389 2146 498 2170 means
523 2136 662 2170 fluminis
857 2140 889 2172 8.
915 2138 1059 2180 Praesta,
1085 2138 1199 2177 potens
1224 2137 1379 2169 altissime

224 2186 330 2219 Ticini
354 2186 449 2218 siccis
475 2185 613 2226 pedibus
915 2186 1068 2226 Patrique
1093 2194 1222 2225 compar
1246 2186 1348 2226 unice,

228 2234 307 2266 Cum
332 2234 445 2275 angeio
472 2233 642 2267 comitante
916 2234 976 2273 Qui
1002 2242 1071 2266 cum
1097 2235 1207 2266 sancto
1232 2234 1388 2273 paraclito

226 2282 397 2315 illustrans
421 2282 547 2314 turbam
572 2283 696 2324 populi.
916 2281 1007 2315 Vivis
1032 2291 1092 2322 per
1117 2284 1230 2314 cuneta
1254 2283 1391 2315 saecum.

244 2364 327 2393 Offie.
357 2372 410 2391 ms.
437 2365 467 2393 S.
492 2365 637 2393 Dalmatii
656 2366 841 2395 Volaterren.
868 2374 944 2394 saec.
967 2364 1012 2394 16.
1057 2365 1128 2395 Cod.
1155 2366 1315 2394 Floientin.
1340 2366 1482 2402 Magiiab.

166 2404 209 2432 01.
229 2402 361 2431 XXXVI
382 2400 425 2430 69.
