1651 2621
687 137 944 173 —193-—

511 227 578 260 328.
608 229 645 261 In
665 229 887 262 Translatione
908 238 932 262 s.
952 229 1115 261 Matthaei.

681 297 730 328 Ad
747 297 935 328 Matutinum.

147 361 179 397 1.
205 360 245 393 In
268 364 427 394 nocturna
450 362 561 403 vigilia
840 367 871 400 3.
897 367 1022 399 Laudet
1046 366 1205 399 Matthaei
1230 365 1409 407 Dominum,

208 408 332 443 Chorus
357 410 479 451 absque
505 411 630 443 desidia
896 414 1018 446 Laudis
1043 415 1199 446 humanae
1222 413 1401 455 terminum,

205 455 355 489 Fraudes
381 455 471 498 fugat
497 458 617 491 diaboli
900 461 959 500 Qui
984 471 1040 494 nos
1068 462 1217 493 thesauro
1241 461 1342 493 nobili

206 504 310 537 Prece
334 503 437 537 fretus
457 506 605 545 apostoli.
896 507 988 540 Ditat
1010 508 1247 541 inaestimabili.

147 562 178 593 2.
206 562 324 601 Surgat
350 561 390 592 de
415 563 516 594 somni
542 564 661 606 requie,
836 566 869 598 4.
895 565 1100 607 Quaesumus,
1127 568 1238 597 auctor
1264 565 1414 604 omnium,

205 608 319 649 Nocte,
343 617 446 651 mane,
472 610 607 643 meridie
896 610 941 644 Ut
965 613 1026 644 hoo
1050 614 1202 652 paschale
1226 613 1375 654 gaudium

204 656 306 689 Vaoet
330 657 485 689 virtutum
511 657 645 695 actibus,
894 658 963 692 Nos
987 669 1046 699 per
1071 664 1178 692 reatus
1204 661 1327 692 veniam

205 705 308 736 Instet
332 703 493 736 Matthaei
518 704 677 737 laudibus,
895 705 1010 739 Laetos
1038 708 1133 740 ducat
1156 707 1198 740 ad
1223 708 1371 748 patriam.

550 764 580 795 5.
610 761 721 793 Gloria
746 761 814 801 tibi,
843 761 988 798 Domine.

221 826 306 855 Brev.
338 836 392 855 ms.
416 827 638 855 Salemitanum
671 836 747 856 saec.
775 826 821 856 15.
866 829 937 857 Cod.
965 830 1060 866 Capit.
1089 830 1226 858 Salei-nit.
1264 839 1286 857 s.
1312 838 1340 857 n.
1367 830 1401 856 A.
1426 843 1465 848 —-

143 864 248 900 Propr.
276 864 497 893 Salernitanum
527 866 598 901 imp.
627 865 753 903 Neapoli
785 865 868 895 1594.
897 868 929 895 Β.
960 883 999 888 —-
1025 868 1110 896 Brexr.
1136 868 1267 895 Elnense
1295 869 1366 904 imp.
1393 867 1463 895 Per-

143 904 280 940 pigniani
303 901 386 931 1500.
410 904 440 931 Ο.
461 919 500 923 —-
522 901 547 939 1,
567 902 587 931 4
606 904 696 932 Preee
716 905 801 932 fletus
822 905 858 932 A.

501 1042 569 1074 329.
599 1042 635 1074 111
655 1042 879 1074 Translationa
901 1051 924 1075 s.
945 1043 1108 1075 Matthaei.

705 1110 755 1141 Ad
775 1110 903 1142 Laudes.

144 1181 175 1213 1.
204 1178 275 1211 Lux
301 1180 458 1212 matutina
483 1180 605 1220 rutilat,
838 1182 869 1214 3.
897 1183 1100 1224 Quaesumus,
1127 1184 1238 1213 auctor
1262 1181 1410 1222 omnium,

207 1227 318 1259 clerus
344 1227 510 1259 Matthaeo
532 1228 662 1268 jubilat,
896 1230 942 1263 Ut
966 1229 1026 1261 hoc
1050 1229 1201 1269 paschale
1225 1229 1373 1269 gaudium

202 1273 299 1314 Cujus
327 1283 442 1315 corpus
468 1275 617 1307 eximium
895 1276 962 1309 Nos
987 1285 1047 1317 per
1070 1279 1178 1308 reatus
1203 1276 1329 1309 veniam

203 1322 306 1354 Nobis
333 1322 429 1355 datur
453 1322 486 1354 in
511 1323 700 1363 praemium.
894 1324 1011 1356 Laetos
1037 1324 1135 1357 ducat,
1158 1324 1201 1356 ad
1225 1324 1373 1365 patriam.

139 1380 172 1412 2.
199 1380 273 1414 Jam
297 1380 386 1412 venit
410 1388 488 1413 arca
512 1379 652 1412 foederis
834 1381 866 1413 4.
895 1380 1006 1413 Gloria
1029 1381 1098 1421 tibi,
1127 1380 1275 1422 Domine,

199 1426 265 1460 Sub
290 1427 363 1460 luce
388 1428 463 1460 novi
487 1427 613 1468 sideris,
893 1428 952 1467 Qui
978 1428 1145 1461 surrexisti
1169 1438 1189 1461 a
1213 1432 1357 1465 mortum,

200 1474 319 1507 Lucem
345 1475 457 1507 salutis
483 1476 618 1515 nuntiat,
893 1476 970 1508 Cum
994 1480 1096 1516 patre,
1123 1481 1233 1508 sancto
1258 1476 1375 1516 spiritu

201 1522 304 1561 Venit,
331 1526 367 1555 ut
389 1532 446 1555 nos
474 1523 643 1555 custodiat.
891 1524 927 1556 In
955 1524 1151 1564 sempiterna
1175 1524 1314 1556 saecula.

213 1588 299 1616 Brev.
331 1596 383 1616 ms.
410 1588 630 1616 Saiernitanum
664 1596 739 1615 saec.
769 1585 813 1616 15.
859 1587 929 1616 Ood.
957 1587 1051 1625 Capit.
1078 1588 1215 1616 Salei-nit.
1248 1598 1271 1617 s.
1298 1598 1327 1616 n.
1357 1589 1389 1618 Α,
1425 1604 1464 1609 -—

137 1626 240 1663 Propr.
268 1634 323 1654 ms.
345 1626 565 1654 salernitanum
583 1628 653 1662 imp·
674 1626 802 1662 Neapoli
823 1624 906 1654 1594.
928 1627 961 1655 B.
988 1641 1026 1646 -—
1049 1628 1132 1655 ssrev.
1151 1627 1284 1656 Einense
1302 1628 1373 1665 imp.
1393 1628 1465 1656 Per-

135 1666 272 1702 pigniani
293 1662 375 1693 1500.
397 1664 426 1692 C.

567 1805 635 1836 330.
665 1805 709 1836 De
729 1806 838 1837 saneto
860 1805 1030 1838 matthaeo.

136 1876 168 1910 1.
196 1876 341 1916 Depulso
364 1876 481 1907 mentis
505 1876 616 1907 nubilo
832 1878 864 1909 4.
891 1875 1060 1908 Conversis
1084 1877 1320 1910 Macedonibus

197 1923 326 1957 Christo
351 1931 502 1954 canamus
528 1922 674 1966 gloriam,
888 1923 1012 1963 Migrat
1035 1924 1078 1956 ad
1103 1925 1318 1966 Aethiopiam,

200 1971 315 2004 cordis
340 1974 473 2003 ovantes
495 1970 599 2009 J'ubilo
890 1969 1018 2010 Sparsit
1045 1971 1130 2004 vitae
1154 1973 1366 2014 sermonibus,

195 2019 354 2052 Matthaei
379 2018 420 2051 ob
447 2018 646 2049 memoriam.
891 2017 1018 2050 Christo
1043 2018 1109 2051 fert,
1132 2021 1244 2052 messis
1271 2022 1405 2061 copiam.

135 2079 167 2111 2.
195 2077 293 2110 Ortus
319 2075 407 2109 trihu
430 2075 572 2114 levitica,
832 2077 862 2108 5.
889 2073 1075 2108 Doctrinam
1099 2076 1200 2117 signis
1225 2078 1398 2120 approbat,

197 2125 262 2157 Sed
289 2124 482 2165 publicanus
507 2131 615 2166 opere7
890 2122 964 2154 Viri
989 2125 1125 2156 eredunt
1149 2127 1182 2156 et,
1204 2125 1328 2165 heroes,

195 2173 291 2205 Sorte
315 2172 374 2205 sub
401 2171 581 2212 apostoliea
889 2169 1029 2203 Fraudis
1056 2175 1234 2204 commenta
1257 2176 1425 2216 reprobat,

195 2222 303 2254 Pollet
329 2221 438 2253 divino
463 2228 605 2253 munere.
892 2216 1016 2250 Cedunt
1039 2219 1219 2260 Arphaxat‚
1248 2221 1391 2257 cosroes,

135 2281 166 2313 3.
195 2279 260 2310 Hic
284 2278 408 2317 primus
435 2276 635 2318 evangelium
831 2274 863 2307 6.
889 2275 1079 2308 Ludificatis
1103 2277 1230 2317 populis

194 2325 345 2358 Scribens
371 2323 515 2358 Judaeae
541 2324 674 2363 civibus,
888 2322 1057 2362 Magorum
1081 2333 1140 2363 per
1164 2328 1340 2367 praestigia

194 2375 267 2408 Jam
293 2381 379 2405 nuno
402 2373 502 2404 eorda
524 2371 669 2405 fidelium
889 2369 1060 2411 Figmenta
1083 2373 1190 2411 prodit
1215 2375 1316 2408 oculis

193 2421 372 2454 Doctrinae
395 2420 481 2460 rigat
504 2420 672 2478 imbribus.
888 2418 989 2451 Tecta
1012 2420 1158 2460 pandens
1182 2423 1331 2464 vestigia„

191 2482 319 2507 Dreves,
336 2478 425 2507 Hymni
439 2479 539 2502 Inediti.
1251 2478 1292 2508 13,
