1651 2621
710 145 966 180 -222—

188 246 222 279 5.
249 244 352 276 Verbo
379 242 520 276 Christus
545 245 724 284 attestatur,

294 291 398 332 Signis
422 293 452 321 et
476 289 656 328 virtutibus,

250 338 344 370 Plebs
369 339 401 369 in
425 336 490 369 fide
513 337 681 368 roboratur

297 385 422 418 Curatis
449 384 661 424 languoribus,

248 432 389 472 Regnum
415 430 532 464 Christi
563 432 714 462 dilatatur

293 479 439 511 Extrusis
469 478 637 510 erroribus.

867 242 898 274 6.
923 240 1043 279 Honor,
1070 240 1170 271 virtus
1196 236 1346 270 aeternali

972 288 1059 319 Patri
1087 287 1130 318 sit
1148 286 1300 326 ingenito.

924 335 1009 366 Laus
1033 344 1093 374 par
1120 331 1379 365 consubstantiali

969 382 1048 421 Ejus
1073 381 1235 421 unigenito

923 430 973 461 Ac
995 429 1138 468 utrisque
1163 427 1322 467 coaequali

970 475 1079 508 Gloria
1102 476 1265 514 paraclito.

263 563 346 590 Brev.
374 570 426 589 ms.
448 561 638 588 Mam-uanum
664 569 739 589 saec.
762 559 804 589 15.
847 559 914 587 Cod.
934 559 1021 587 Univ.
1042 559 1144 586 Patav.
1172 556 1236 586 734.
1262 573 1296 577 —
1317 555 1348 590 4,
1377 554 1393 583 6
1412 556 1483 582 Lies

191 601 379 635 imposturam
386 599 398 628 ἱ)

585 726 651 758 375.
680 727 724 758 De
744 734 767 757 s.
788 727 881 758 Petro
902 725 1081 757 coelestino.

717 803 764 833 Ad
784 803 972 833 Nocturnum.

196 883 226 915 1.
251 882 391 922 Depulso
415 881 527 912 mentis
551 881 658 913 nubilo

254 928 376 961 Christo
404 937 548 959 canamus
573 929 703 967 gloriam

249 976 341 1007 Vocis
365 978 543 1015 promentes
565 975 665 1014 jubilo

254 1022 422 1055 Goelestini
450 1022 641 1053 memoriam.

199 1107 228 1137 2.
255 1105 318 1137 Hic
341 1106 420 1146 pius,
446 1106 595 1146 prudens,
620 1106 758 1146 humilis,

251 1152 349 1184 Verbi
375 1152 517 1183 coelestis
543 1152 676 1191 bajulus,

252 1198 402 1239 Simplex,
432 1203 547 1240 rectus,
573 1199 717 1230 amabilis

250 1245 294 1276 Et
321 1245 473 1277 castitatis
497 1246 645 1278 aemulus.

197 1329 228 1362 3.
255 1329 356 1360 Tanta
380 1327 526 1370 perfusus
551 1330 662 1369 gratia,

254 1376 314 1407 Tot
337 1384 457 1407 morum
482 1376 603 1414 pollens
628 1377 738 1417 titulis,

253 1422 402 1454 Veritatis
428 1422 550 1462 eloquia

256 1469 355 1501 Grata
378 1469 486 1501 reddit
508 1470 687 1502 incredulis.

868 881 899 912 4.
927 879 1076 911 Conversi
1098 880 1139 911 ad
1165 879 1337 911 catholicae

925 927 1014 958 Viam
1042 927 1203 958 doctrinae
1228 926 1395 966 complices

925 974 1096 1006 Pravitatis
1120 974 1297 1005 haereticae

930 1020 1070 1052 Cremari
1094 1024 1226 1060 poscunt
1250 1019 1383 1052 codices.

892 1129 899 1136 .
926 1104 979 1136 Sic
999 1112 1077 1144 grex
1101 1106 1237 1144 pastoris
1262 1104 1399 1137 humeris

925 1151 1073 1183 Portatur
1098 1152 1137 1183 ad
1163 1152 1269 1191 ovilia,

924 1199 1066 1230 Vinculis
1092 1200 1176 1230 caeci
1199 1200 1327 1231 sceleris

927 1246 1011 1277 Solvi
1037 1246 1154 1284 gaudet
1175 1247 1319 1278 Aemilia.

893 1354 901 1362 .
927 1330 1011 1361 Laus
1037 1331 1121 1369 patri
1143 1331 1185 1362 sit
1209 1335 1241 1362 et
1269 1330 1343 1369 filio,

927 1377 1011 1408 Laus
1034 1378 1077 1408 sit
1101 1381 1132 1408 et
1155 1386 1244 1409 sacro
1269 1378 1418 1414 neumati,

928 1424 986 1462 Qui
1012 1424 1223 1456 Goelestinum
1248 1425 1327 1456 solio

928 1470 1030 1510 Regni
1056 1475 1184 1503 coronat
1204 1471 1370 1512 perpetim.

269 1553 353 1580 Brev.
373 1560 424 1579 ms.
447 1552 637 1579 Mantuanum
657 1561 730 1580 saec.
753 1551 796 1580 15.
837 1551 904 1580 God.
924 1553 1012 1580 Univ.
1032 1553 1133 1581 Patav.
1154 1552 1218 1582 734.

600 1699 663 1730 376.
692 1700 736 1731 De
755 1708 779 1731 s.
802 1701 893 1732 Petro
916 1700 1093 1732 coelestino.

743 1777 791 1806 Ad
810 1777 936 1807 Laudes.

196 1845 226 1876 1.
252 1843 349 1875 Sacra
373 1844 471 1876 sacris
495 1844 693 1877 immolantes

295 1891 461 1923 Matutinis
485 1891 631 1924 laudibus

252 1938 453 1970 Alternemus
478 1943 702 1978 concrepantes

299 1987 393 2025 Aere,
420 1994 506 2025 voce,
527 1985 655 2026 fidibus,

255 2032 463 2064 Goelestinum
489 2033 702 2066 collaudantes

299 2079 374 2111 Cum
407 2080 486 2110 coeli
510 2081 717 2120 principibus,

201 2164 231 2196 2.
259 2163 342 2195 Celsi
366 2166 443 2196 nutu
468 2169 667 2198 consecratus

300 2212 388 2243 Petri
410 2210 582 2251 pontificio,

255 2258 308 2290 Sic
332 2267 366 2289 se
391 2258 517 2298 dignum
541 2262 739 2298 praesulatus

302 2305 446 2337 Ostendit
471 2305 583 2350 officio,

254 2353 298 2385 Ut
324 2353 458 2384 clareret
483 2353 606 2387 Christo
631 2360 738 2396 gratus

300 2400 456 2432 Virtutum
480 2401 608 2436 indicio.

870 1848 901 1880 3.
928 1846 1040 1879 Curam
1065 1856 1175 1888 gerens
1200 1850 1394 1890 singulorum

973 1895 1069 1926 Pater
1094 1898 1162 1927 erat
1184 1898 1331 1937 omnium,

928 1940 1033 1980 thue
1058 1945 1159 1974 mater
1182 1943 1319 1977 filiorum

976 1988 1114 2021 Solatrix
1138 1993 1327 2030 gementium

929 2035 1112 2079 Vidmrrum,
1139 2039 1331 2078 pupillorum

976 2082 1115 2116 Gerebat
1137 2087 1305 2125 negotium.

872 2169 903 2202 4.
929 2168 1054 2200 Absens
1078 2172 1146 2201 erat
1170 2173 1393 2211 supplantator

976 2216 1053 2247 Veri
1079 2218 1274 2258 consistorio,

929 2263 1055 2295 Absens
1080 2262 1154 2296 falsi
1179 2268 1383 2300 concinnator

975 2310 1118 2351 Linguae
1143 2312 1335 2354 conflatorio,

930 2358 1055 2390 Absens
1083 2359 1156 2391 doni
1180 2366 1361 2402 receptator

974 2405 1098 2438 Favens
1123 2408 1291 2448 adjutorio,
