1651 2621
155 188 188 220 9,
216 186 423 225 Quaecunque
446 183 595 223 ligaverit

213 234 252 266 In
281 235 368 264 terra
391 231 442 263 vel
466 231 605 269 solverit,

260 278 355 311 Jussu
378 278 438 311 Dei

215 328 253 360 In
279 326 406 358 coelesti
430 324 508 357 solio

260 374 312 405 Ita
336 374 437 406 erunt.

147 432 201 465 10.
216 432 402 463 Persecutor
426 428 564 469 gentium

212 477 329 510 Paulus
353 475 510 516 quondam
534 473 648 512 fuerat,

260 524 370 555 Mente
394 531 513 564 caecus,

216 571 274 611 Qui
301 570 459 602 truncavit
481 568 650 608 plurimum

262 617 474 651 Christicolas.

146 675 201 707 11.
214 674 318 714 Ipsius
342 678 375 706 et
398 671 594 711 chlamydem

212 721 332 753 Milites
355 728 524 759 congerere

258 768 344 800 Ante
365 767 462 807 pedes

212 815 348 846 Fecerat
373 816 404 845 et
426 813 569 853 stragula

261 861 450 893 occisorum.

147 919 201 951 12.
217 917 280 949 Sed
304 919 469 957 postquam
493 915 691 953 baptismatis

212 964 388 996 Lavacrum
412 962 587 1002 promeruit

260 1011 440 1050 Percipere‚

213 1057 320 1098 Lupus
343 1066 440 1097 agnus
465 1054 567 1087 factus
593 1060 641 1087 est

259 1104 456 1137 Mitissimus.

151 1162 205 1196 13,
217 1161 284 1192 Iste
308 1159 552 1199 Cappadociam,

216 1208 395 1247 Aegyptum
419 1210 451 1237 et
473 1205 583 1237 Asiam

260 1254 304 1286 Et
327 1254 461 1293 Arabes,

214 1302 348 1333 Pontum
374 1304 405 1332 et
428 1299 637 1339 Pamphiliam

261 1347 410 1381 Edocuit,

148 1404 202 1437 14.
217 1403 329 1435 Fames
354 1406 448 1442 atque
473 1402 608 1443 vincula,

218 1449 349 1481 Catenas
375 1453 407 1480 et
429 1448 562 1481 verbera

263 1497 367 1528 Multa
389 1504 510 1536 passuS,

216 1543 279 1574 Ter
304 1547 337 1574 et
358 1543 454 1574 maris
477 1543 611 1582 pertulit

264 1588 479 1629 Naufragium.

755 82 824 119 220
873 99 919 105 -

820 179 874 212 15.
889 178 950 209 Per
974 180 1130 207 terrarum
1156 171 1283 203 climata

888 225 1000 257 Petrus
1024 221 1152 254 trahens
1177 219 1268 258 retia,

934 270 1055 303 Multos
1081 268 1206 302 Christo

889 319 1032 352 Piscatus
1058 320 1106 347 est
1129 315 1270 347 homines

935 364 1130 398 Incredulos.

820 425 874 458 16.
888 425 961 457 Jam
984 424 1143 462 postremo
1167 422 1311 457 tempore

888 471 1020 502 Romam
1044 476 1116 499 cum
1136 465 1358 505 pervenerant,

933 514 1124 554 Martyrium

888 565 978 597 Victo
1004 570 1094 601 mago
1120 560 1246 592 Simone

934 610 1154 649 Susceperam.

820 669 874 701 17.
890 668 950 700 Per
975 666 1076 699 crucis
1100 663 1277 704 patibulum

888 716 1001 748 Petrus
1024 712 1092 753 poli
1115 711 1222 743 sidera

937 759 1170 793 conscenderat

886 809 932 841 Et
953 806 1147 847 triumphum
1172 805 1289 838 meruit

932 853 1092 894 Martyrii.

820 914 874 947 18.
889 912 1006 944 Paulus
1032 910 1169 942 fundens
1195 908 1379 948 sanguinem

890 959 954 990 Per
976 957 1134 990 mucronis
1160 955 1270 996 aciem,

938 1005 1060 1045 Dignus
1083 1003 1172 1036 Petri

889 1053 926 1084 In
947 1060 1047 1092 agone
1072 1058 1236 1083 successor

932 1098 1073 1131 Effectus
1099 1100 1156 1129 est.

822 1154 877 1187 19.
890 1155 984 1187 Felix
1007 1154 1109 1186 Roma
1132 1154 1272 1194 nimium,

890 1202 975 1241 Quae
999 1202 1078 1233 tales
1103 1201 1277 1241 promeruit

936 1248 1138 1288 Defensores,

891 1296 1027 1334 Quorum
1052 1303 1176 1336 semper
1199 1294 1320 1326 meritis

937 1342 1020 1374 Tuta
1046 1343 1163 1374 manet.

821 1400 875 1432 20.
890 1399 1001 1431 Donec
1024 1398 1089 1437 poli
1114 1397 1231 1436 sidera,

891 1445 945 1477 Sol
969 1449 1001 1477 et
1020 1446 1096 1476 luna
1116 1445 1249 1476 rutilant

935 1492 1163 1531 Lampadibus,

889 1539 979 1571 Illius
1002 1548 1075 1571 uam
1099 1539 1201 1579 gloria

937 1585 1069 1626 Semper
1092 1587 1162 1618 erit.

518 1645 571 1678 21.
597 1645 663 1677 Hos
685 1651 851 1682 precamur
875 1643 985 1674 sedule

593 1690 711 1723 Nostro
735 1699 793 1730 pro
817 1689 968 1729 pontifice

640 1738 749 1769 Mente
773 1746 864 1777 pura,

595 1784 640 1818 Ut
663 1785 773 1816 horum
798 1784 954 1824 suffragiis

645 1831 757 1864 Salvus
783 1834 842 1864 eat.

222 1888 308 1917 Grati.
333 1897 386 1916 ms.
412 1887 440 1914 S.
466 1889 620 1916 Laurentii
643 1889 676 1915 'm
697 1887 814 1915 Verane
838 1895 913 1915 saec.
938 1884 1010 1915 ¹⁰ln.
1054 1887 1124 1915 Cod.
1152 1887 1319 1924 Angeiicus.
1344 1886 1370 1916 B
1397 1889 1446 1917 111

150 1925 193 1954 18.
216 1941 249 1945 -—
272 1926 295 1959 1,
317 1924 334 1953 2
353 1926 449 1954 rutila.
464 1941 502 1946 ——
523 1924 547 1959 1,
569 1923 586 1953 3
605 1933 657 1961 per
676 1927 717 1952 ist
734 1925 799 1952 dem
813 1924 903 1952 Sinne
921 1925 997 1952 nach
1020 1933 1057 1951 zu
1076 1926 1227 1961 erganzen.
1241 1942 1275 1946 —
1292 1925 1319 1960 7,
1339 1925 1357 1954 2
1377 1936 1443 1955 con-

149 1966 264 1992 stantia.
278 1978 315 1983 —
329 1964 353 1999 7,
376 1962 396 1991 4
414 1964 478 1992 Ine.
498 1979 536 1983 ——
555 1961 580 1997 9,
602 1963 618 1990 1
640 1963 902 2000 Quemcunque.—-
921 1961 966 1996 ii,
986 1961 1005 1989 2
1025 1971 1188 2000 congeri-ea.
1209 1978 1247 1983 -
1267 1961 1311 1997 13,
1333 1963 1349 1992 1
1371 1964 1445 2001 Cap-

149 2003 279 2038 padocia.
303 2018 342 2022 —
367 2000 415 2035 13,
445 1999 462 2028 2
481 2001 560 2029 Asia.
583 2016 617 2020 -
648 1999 695 2031 13,
723 1999 741 2029 3
760 2001 904 2028 Harabes.
923 2015 962 2020 -—
990 1999 1036 2034 15,
1057 1999 1075 2027 2
1095 2003 1172 2029 traes
1192 2003 1274 2030 retia.
1296 2016 1332 2021 ——
1355 2000 1404 2037 15,
1426 2001 1446 2030 4

149 2040 281 2068 Piscatcr
300 2048 339 2067 es.
359 2055 397 2059 —
416 2037 461 2073 20,
485 2037 499 2066 1
519 2039 618 2066 Donet
635 2039 705 2074 poli.
725 2053 762 2058 --
782 2037 827 2072 21,
847 2036 865 2066 3
886 2047 967 2075 para.

546 2111 610 2143 373.
638 2111 673 2142 In
694 2119 716 2142 s.
737 2111 820 2143 Petri
842 2112 882 2143 ad
903 2111 1042 2143 Vincula.

386 2174 415 2205 1.
443 2173 553 2212 Tuam,
579 2182 596 2204 o
617 2176 718 2215 pater,
744 2173 939 2212 postulamus
963 2172 1096 2212 gratiam

442 2220 480 2251 In
504 2220 624 2252 eunctis
645 2223 732 2252 tuam
754 2220 913 2260 poscimus
938 2220 1144 2259 clementiam,

441 2267 595 2299 Mundum
618 2268 672 2307 qui
695 2268 780 2299 solus
804 2267 964 2300 renovasti
985 2268 1156 2309 perditum,

445 2314 572 2347 Exaudi
596 2323 707 2355 preces
731 2314 791 2347 tibi
814 2315 1069 2359 supplicantium,

445 2362 585 2402 irrigans
613 2363 711 2395 corda
734 2371 806 2395 rore
830 2363 931 2396 sancti
956 2363 1097 2403 spiritus,
