1651 2621
736 127 994 164 -175—

592 249 660 281 294.
690 249 725 282 In
745 250 953 291 Apparitione
976 259 1001 283 s.
1021 252 1125 285 Marci.

247 324 274 336 “
706 328 757 358 Ad
776 328 864 368 Vesp.
888 332 917 360 et
935 330 1021 361 Noct.

424 395 455 430 1.
481 396 589 430 Hodie
614 395 730 430 festum
755 398 810 439 pie
835 398 1030 433 celebremus

477 444 573 477 Diem
624 471 1108 483 .........

543 519 549 528 ,
603 522 609 528 ,
657 502 781 533 quoque
807 495 902 534 digne
926 496 1116 530 honoremus

526 539 604 573 Ritu
629 541 771 574 solemni.

425 607 457 640 2.
484 607 550 647 Quo
575 609 719 641 sanctum
744 607 889 641 Marcum
917 610 1030 643 chorus
1056 611 1240 652 angelorum

483 654 610 687 Vehens
636 656 678 687 ad
703 664 825 688 summa
848 657 965 697 gaudia
990 659 1147 690 coelorum

479 702 670 735 Adsociavit
694 703 835 736 coetibus
860 708 1042 739 sanctorum

530 749 643 782 Laude
663 752 806 790 perenni.

423 816 454 848 3.
481 815 581 855 Quem
606 817 834 856 praedixerunt
862 818 984 858 scripta
1007 820 1246 863 prophetarum,

478 863 524 896 Et
547 864 650 904 plebs,
676 867 713 896 ut}
736 864 853 907 ferunt,
878 866 1098 900 Israelitarum

477 910 595 943 Edidit,
619 913 714 951 atque
736 911 839 945 tribus
865 913 1034 946 levitarum

525 958 605 991 Ortu
629 958 735 992 beato,

423 1026 456 1059 4.
484 1024 684 1058 sacerdotali
717 1026 900 1066 praeditum
925 1027 1054 1068 honore,

477 1072 635 1113 Typicum
660 1073 740 1114 legis
764 1074 882 1107 veteris
909 1084 947 1107 ex
970 1084 1059 1108 more

476 1119 521 1152 Et
545 1128 656 1153 sacrae
680 1120 795 1153 fultum
820 1122 955 1163 paginae
982 1123 1097 1156 decore

529 1168 668 1202 Coelitus
697 1168 782 1203 dato.

421 1233 454 1267 5.
480 1233 576 1267 Hunc
600 1237 703 1268 sancti
729 1235 818 1267 Petri
842 1233 941 1268 filium
969 1235 1119 1268 dilectum

476 1283 557 1315 Post
580 1282 662 1315 sacri
688 1282 787 1316 fontis
809 1283 972 1316 lavacrum
997 1289 1179 1324 susceptum

475 1329 529 1362 Ad
555 1332 678 1362 tantum
703 1330 765 1363 Dei
789 1331 893 1371 gratia
918 1334 1103 1371 provectum

524 1377 624 1410 Duxit
648 1376 803 1419 perfecte,

421 1446 452 1479 6.
480 1445 526 1478 Ut
551 1455 570 1477 a
597 1445 720 1478 devotis
746 1444 901 1478 fratribus
927 1448 1067 1487 exactus,

476 1492 686 1534 Evangelista
711 1502 836 1534 quoque
860 1493 980 1526 Christi
1002 1492 1118 1535 factus,

476 1540 583 1574 Verba
613 1540 714 1581 ipsius
740 1541 863 1580 pariter
888 1544 920 1573 et
943 1544 1033 1573 actus

523 1587 685 1621 Scriberet
714 1591 812 1621 recte.

418 1657 449 1688 7.
476 1655 526 1688 Sit
548 1655 618 1687 Deo
645 1655 751 1698 decuS‚
778 1658 887 1688 nostro
914 1657 1060 1700 creatori,

474 1703 524 1736 Sit
548 1712 673 1744 quoque
698 1703 836 1743 Christo,
862 1707 972 1736 nostro
997 1705 1205 1747 redemptori,

472 1750 670 1791 Spirituique
694 1752 738 1783 sit
761 1751 954 1784 consolatori

521 1798 633 1831 Gloria
656 1799 737 1839 pari.

271 1882 353 1911 Offic.
375 1891 428 1911 ms.
452 1882 481 1910 S.
501 1884 596 1912 Marci
616 1893 692 1912 saee.
716 1882 759 1912 16.
801 1884 870 1912 Cod.
890 1885 1032 1912 Marcian.
1053 1885 1079 1912 L
1101 1885 1133 1912 Π
1153 1882 1197 1912 93.
1218 1884 1253 1911 A.
1273 1899 1311 1903 —
1332 1884 1402 1913 Cod.
1422 1883 1509 1912 Arch-

191 1922 221 1950 S.
249 1922 346 1949 Marci
372 1930 395 1949 S.
421 1932 450 1950 n.
477 1923 548 1949 anni
574 1920 658 1950 1672.
681 1923 715 1950 B.
741 1937 777 1941 -—·
802 1922 827 1949 B
856 1922 969 1951 enth'zilt
993 1931 1050 1949 nur
1074 1923 1122 1950 die
1147 1922 1274 1958 geraden
1294 1922 1449 1958 Strophen.
1483 1942 1486 1945 .

189 1958 221 1995 3,
243 1958 261 1986 2
280 1961 315 1987 ut
338 1960 428 1988 ferret
448 1960 483 1988 A.
506 1976 542 1981 -—
560 1959 590 1996 6,
615 1958 630 1988 1
651 1960 693 1989 Et
712 1960 825 1988 devotis
845 1961 880 1989 A.
902 1975 939 1979 —
960 1959 991 1994 6,
1012 1958 1031 1987 4
1051 1961 1186 1989 Scribere
1205 1960 1240 1988 A.
1262 1975 1299 1980 —-
1319 1961 1351 1995 7,
1371 1959 1391 1989 4
1411 1960 1511 1989 Gloria

190 1999 278 2035 patri.

589 2129 656 2161 295.
686 2129 720 2160 In
745 2128 960 2170 Apparatione
981 2138 1004 2161 s.
1024 2129 1131 2161 Marci.

755 2205 805 2235 Ad
823 2204 951 2235 Laudes.

429 2278 460 2311 1.
487 2275 650 2310 Praestita
674 2274 737 2308 fuit
761 2275 868 2316 gratia
894 2275 1003 2308 divina

487 2325 532 2357 Et.
555 2325 661 2357 sancti
683 2324 790 2356 Marci
816 2323 915 2364 signis
942 2325 974 2355 et,
999 2323 1147 2357 doctrina

488 2372 699 2412 Aquilegensi
723 2371 812 2413 plebi
837 2371 997 2405 medicina

539 2421 643 2453 Verae
667 2419 790 2455 salutis.
