1651 2621
727 151 981 187 *210—

649 272 714 305 353.
743 272 787 304 De
807 273 913 305 sancto
933 271 1065 304 Nicolao.

740 341 795 380 Ad‘
809 350 965 387 Vesperas.

207 428 237 463 1,
263 427 404 468 Nicolae‚
429 428 478 460 vir
501 428 640 471 Domini,
883 430 914 461 5.
941 428 1045 460 Naves
1070 426 1229 459 frumenta
1250 425 1393 457 tribuunt

263 475 330 507 Tuo
357 476 462 508 dicata
484 476 603 508 nomini
940 475 984 507 Et
1007 483 1170 507 numerum
1194 483 1258 505 non
1282 474 1437 510 minuunt,

263 522 359 554 Festa
390 523 502 555 devote
528 523 656 555 colimus
940 523 1037 562 Quam
1061 521 1169 553 reddit
1192 521 1259 552 sine
1286 521 1361 552 vitio

264 570 424 609 Opemque
452 573 538 602 tuam
562 571 731 609 poscimus,
939 569 1114 601 Nautarum
1139 567 1290 600 obeditio.

207 647 238 678 2.
265 646 339 684 Ipso
366 646 448 678 vitae
471 645 644 684 primordio
882 645 913 678 6.
939 644 1016 677 Jure
1039 653 1098 684 per
1122 642 1229 675 orbem
1256 642 1382 682 coleris,

263 692 347 724 Miro
373 693 474 724 clares
499 692 655 732 prodigio,
939 691 1039 723 Velox
1064 691 1190 730 adjutor
1214 690 1364 729 nosceris,

264 739 326 771 Die
352 739 391 770 de
415 741 533 779 septem
560 740 684 779 gemina
940 738 1087 770 Festinus
1110 738 1145 769 in
1168 736 1319 778 periculis

265 786 419 818 Mammas
443 787 539 818 semel
565 786 620 818 dat
643 785 770 819 femina.
941 786 1068 818 Cunctis
1093 793 1243 817 succurre
1267 784 1412 816 servulis.

208 862 240 895 3.
266 861 313 892 Tu
341 861 502 901 propriam
527 870 585 901 per
610 861 732 901 copiam
883 861 913 894 7.
938 860 1095 899 Eripuisti
1117 859 1271 891 mortibus

264 908 369 940 Patris
393 908 522 947 supples
545 908 683 947 inopiam
940 907 1047 939 Terris
1071 908 1179 947 plures
1204 910 1236 938 et
1259 906 1411 947 maribus,

265 954 310 986 Et
332 958 477 987 natarum
497 955 630 995 injurias
939 954 1008 986 Rex
1032 954 1141 986 obedit
1164 955 1206 986 ad
1229 954 1342 996 omnia,

265 1001 373 1035 Justas
398 1002 495 1034 vertis
518 1003 553 1033 in
575 1002 712 1042 nuptias.
941 1002 1037 1040 Quem
1061 1001 1190 1033 territas
1215 1009 1274 1040 per
1299 1000 1431 1033 somnia.

207 1078 239 1111 4.
265 1076 351 1109 Coeli
373 1076 475 1108 factus
499 1078 625 1109 oraculo
883 1077 914 1110 8.
939 1076 985 1109 Ut
1008 1085 1065 1108 nos
1091 1084 1164 1116 ergo
1190 1076 1311 1108 velocia

266 1123 386 1163 Dignus
410 1125 538 1163 praesul
561 1125 593 1155 in
618 1124 745 1165 populo,
941 1123 1117 1155 Sentiamus
1142 1124 1269 1165 auxiha,

267 1171 439 1203 Coelestem
464 1170 544 1203 viam
568 1179 704 1210 propere
941 1170 1007 1201 Nos
1031 1171 1102 1213 tuis,
1129 1173 1247 1209 sancte,
1270 1170 1420 1209 precibus

265 1217 369 1250 Verbo
393 1220 548 1249 monstras
574 1220 606 1248 et
626 1226 730 1257 opere.
942 1217 1090 1249 Polorum
1111 1218 1208 1258 junge
1232 1217 1372 1249 sedibus.

619 1295 650 1326 9.
676 1293 766 1324 Patri
793 1293 888 1324 decus
911 1292 1051 1332 ingenito

679 1339 790 1371 Honor
814 1342 846 1370 et
868 1339 1027 1379 unigenito

682 1386 814 1426 Spiritui
839 1386 981 1425 victoria,

681 1432 745 1465 Uni
768 1433 913 1472 trinoque
936 1433 1047 1474 gloria.

285 1536 370 1563 Brev.
391 1543 444 1564 ms.
466 1535 620 1563 Goelestin.
640 1535 800 1563 Bononien.
821 1543 895 1563 saec.
917 1534 960 1563 15.
992 1536 1060 1565 Cod.
1081 1537 1169 1564 Univ.
1183 1538 1344 1565 Bononien.
1364 1535 1448 1565 2275.
1468 1553 1506 1557 —

213 1572 240 1607 7.
262 1572 276 1600 1
297 1574 431 1610 Drupisti
451 1574 602 1601 mortibus.
622 1588 658 1593 —
678 1572 705 1606 7,
725 1571 745 1600 4
762 1574 888 1601 territus.

646 1728 713 1760 354.
742 1729 785 1761 De
805 1730 911 1761 saneto
931 1729 1064 1762 Nicolao.

725 1806 773 1835 Ad
791 1806 982 1836 Nocturnum.

208 1887 239 1919 1.
267 1884 361 1917 Miles
388 1884 504 1916 Christi
534 1884 668 1924 egregie,
886 1886 917 1918 3.
944 1884 1010 1916 Nos
1036 1886 1096 1917 tibi
1119 1885 1345 1920 famulantibus

268 1932 402 1964 Nicolae
426 1931 632 1971 sanctissime,
945 1932 1021 1963 Tuis
1047 1932 1120 1965 fove
1143 1935 1337 1976 precatibus,

270 1979 330 2018 Qui
354 1979 416 2010 tuis
440 1980 538 2011 sacris
562 1978 683 2010 meritis
945 1978 989 2011 Ut
1013 1981 1148 2020 expiatis
1173 1982 1321 2015 sordibus

269 2026 378 2058 Socius
403 2025 505 2058 factus
528 2025 702 2065 prophetis.
944 2027 1118 2067 Jungamur
1143 2037 1212 2060 cum
1238 2030 1437 2063 coelestibus.

209 2106 242 2137 2.
268 2104 340 2136 Jam
363 2103 396 2134 in
421 2104 550 2133 aeterna
572 2101 679 2141 patria.
888 2104 920 2136 4.
944 2103 1091 2135 Praestet
1112 2104 1174 2136 hoc
1196 2105 1288 2137 nobis
1312 2106 1475 2151 Dominus,

265 2150 419 2182 Mansura
442 2151 531 2181 tenes
555 2150 671 2189 gaudia
944 2150 1020 2183 Pius
1045 2152 1229 2193 redemptor
1254 2154 1402 2192 omnium,

267 2199 372 2236 Atque
401 2206 470 2231 cum
495 2196 612 2229 sanctis
637 2196 780 2229 omnibus
945 2197 1004 2236 Qui
1025 2201 1138 2239 regnat
1162 2201 1283 2240 absque
1306 2202 1442 2235 termino

266 2244 411 2276 Laetaris
435 2245 468 2276 in
491 2244 655 2276 cubilibus.
945 2245 1021 2278 Cum
1045 2249 1138 2287 patre
1161 2251 1194 2279 et
1217 2249 1383 2287 paraclito.

285 2350 367 2376 Brev.
395 2357 448 2376 ms.
474 2348 613 2377 Far-sense
637 2356 711 2376 saec.
734 2346 778 2377 13.
819 2348 887 2377 Cod.
915 2350 1099 2378 Vallicellan.
1126 2351 1149 2379 O
1174 2350 1219 2380 93.
1244 2369 1283 2373 —
1311 2352 1342 2388 1,
1369 2352 1388 2381 4
1409 2354 1513 2383 Socius

204 2389 313 2461 33:112
315 2387 432 2452 13perhis.
464 2402 499 2407 -—
539 2384 571 2421 3,
608 2385 626 2414 2
661 2387 728 2414 fave
759 2387 933 2424 precatibus.
967 2402 1003 2407 —
1033 2387 1065 2423 4,
1098 2387 1118 2417 4
1152 2391 1226 2419 fehlt
1257 2393 1322 2421 eine
1351 2392 1447 2430 Silbe3
1482 2396 1513 2422 et
