1651 2621
737 116 996 152 —213—

202 210 236 244 3.
260 209 355 242 More
378 210 533 244 Johannis
558 211 719 245 hominum
892 215 924 248 6.
950 214 1003 246 Ad
1028 214 1098 256 hoc,
1121 213 1222 246 lorica
1244 211 1322 246 fidei

263 258 403 299 Fugiens
428 259 644 300 vaniloquium
951 260 1099 301 Undique
1123 263 1224 294 tectus
1249 260 1379 300 triplici,

263 305 371 338 Primo
397 307 439 339 ad
464 307 700 348 monasterium,
951 309 1029 341 Tela
1053 310 1202 341 restinxit
1227 308 1399 346 daemonis,

263 352 342 385 Post
365 355 495 387 transiit
519 354 562 388 ad
587 364 737 391 eremum,
950 357 1049 397 Dura,
1075 355 1322 397 impenetrabili.

203 411 238 443 4.
264 410 365 443 Fame
390 412 484 444 simul
510 421 581 444 cum
606 412 726 453 frigore
892 413 923 447 7.
950 413 1003 446 Sic
1027 414 1179 454 pugnavit
1205 422 1274 445 cum
1301 413 1453 445 daemone

261 457 307 491 Et
331 468 415 491 nunc
439 458 578 492 afflictus
602 465 755 501 caumate,
950 463 988 494 In
1013 462 1106 500 hujus
1133 461 1216 493 vitae
1237 461 1341 493 stadio

263 506 381 538 Animo
404 510 512 539 tamen
535 509 663 540 validus
949 509 1155 549 Tandemque
1177 508 1263 541 victo
1287 508 1400 540 bravio

262 553 324 586 Dei
349 557 459 587 manet
482 555 515 587 in
539 555 701 590 laudibus.
947 555 1136 588 Muneratur
1159 555 1303 595 imperio.

204 611 235 644 5.
262 611 356 644 Hunc
380 614 521 644 tentator
546 612 755 652 nequissimus
892 614 923 646 8.
949 612 1003 644 Ad
1028 621 1119 654 quem
1144 612 1244 652 ipsius
1269 620 1400 644 munere

263 658 364 691 Novis
390 659 514 700 appetit
538 660 670 700 artibus,
953 661 1118 692 valeamus
1143 660 1335 701 pertingere,

263 706 368 738 Menti
392 715 512 739 veneno
537 707 621 739 illita
949 708 1010 747 Qui
1033 716 1095 740 non
1119 709 1283 748 pensando
1309 707 1425 739 merita

262 753 396 793 Saepius
423 755 528 787 vibrat
548 756 666 795 jacula.
948 756 1011 787 Pro
1039 756 1131 788 malis
1156 755 1239 787 bona
1262 757 1398 794 reputat.

544 814 575 845 9.
602 811 670 843 Deo
695 812 782 852 patri
806 813 849 844 sit
872 813 975 853 gloria

601 859 744 899 Ejusque
767 859 828 891 soli
851 858 917 892 filio

603 906 679 938 Cum
704 906 822 945 spiritu
846 908 1002 947 paraclito

599 953 643 985 Et
668 962 753 986 nuuc
778 957 810 985 et
833 955 866 986 in
895 958 1094 994 perpetuum.

275 1016 362 1045 Brev.
386 1018 687 1047 Gallicano-Siculum
713 1020 783 1056 imp,
804 1019 938 1047 Venetiis
967 1017 1048 1048 1527.
1069 1034 1107 1038 —
1127 1017 1152 1053 5,
1176 1018 1190 1046 1
1211 1019 1299 1047 Nunc
1318 1021 1455 1047 tentator.
1476 1034 1514 1039 -

194 1053 226 1090 5,
250 1053 268 1083 3
281 1056 390 1083 Mentis
411 1064 533 1085 venena.
554 1073 591 1077 ——
606 1056 633 1092 5,
653 1055 673 1084 4
685 1058 810 1085 vibrata.
825 1072 862 1077 —«
878 1055 904 1093 6,
924 1055 942 1085 3
956 1059 1115 1085 restrinxit.
1130 1072 1168 1078 —
1182 1057 1208 1091 7,
1229 1055 1247 1085 3
1261 1055 1331 1085 Lies
1345 1059 1460 1085 victor?
1475 1072 1511 1077 υ·-

200 1092 225 1128 7,
246 1092 266 1121 4
289 1094 475 1122 Numer-atur.

634 1214 701 1247 360.
730 1215 775 1247 De
799 1216 909 1247 sancta
928 1215 1077 1248 Patricia.

691 1283 740 1314 Ad
759 1284 850 1321 Vesp.
875 1287 905 1314 et
922 1283 1017 1314 Laud.

196 1352 229 1385 1.
255 1352 354 1392 Virgo
378 1352 534 1385 malorum
558 1354 676 1394 nescia,
886 1355 917 1387 4.
944 1353 1034 1385 Haec
1059 1354 1120 1386 Dei
1145 1354 1262 1385 cultrix
1287 1354 1400 1386 sedula

255 1399 351 1439 Cujus
375 1398 491 1432 festum
518 1404 566 1432 est
589 1401 694 1442 hodie,
944 1402 1037 1432 Vitae
1062 1399 1151 1433 finito
1173 1402 1307 1433 termino

255 1447 414 1487 Properat
439 1456 508 1479 cum
531 1449 667 1480 victoria
941 1448 1047 1480 Multa
1072 1447 1149 1491 fecit
1173 1449 1326 1481 miracula

255 1495 308 1528 Ad
336 1495 506 1537 Christum,
532 1505 638 1537 regern
665 1497 795 1537 gloriae.
941 1495 1163 1536 Praecipiente
1190 1496 1338 1529 Domino.

192 1554 227 1587 2.
255 1551 379 1592 sponso
405 1552 516 1585 relicto
542 1553 662 1585 saeculi
883 1554 914 1585 5.
938 1552 1026 1585 Haec
1056 1554 1210 1585 coelestes
1236 1553 1364 1586 divitias

254 1599 405 1640 Jungitur
429 1609 545 1639 sponso
573 1601 714 1641 coelitus,
940 1600 1058 1632 Emens
1083 1610 1142 1640 pro
1168 1602 1396 1641 temporalibus

251 1648 310 1688 Qui
335 1648 368 1680 in
393 1648 495 1680 crucis
519 1647 664 1688 patibulo
941 1647 1102 1688 Epulatur
1127 1648 1168 1680 ad
1193 1650 1320 1689 nuptias

250 1696 314 1728 Pro
339 1695 432 1728 nobis
457 1694 521 1727 fuit
543 1696 678 1736 positus.
938 1696 1027 1728 Inter
1052 1700 1165 1729 sancta
1189 1697 1358 1730 consortia,

187 1754 221 1786 3.
248 1753 343 1785 Hanc
366 1751 451 1785 filius
476 1753 605 1793 patricii
881 1754 912 1787 6.
934 1753 1021 1794 Ergo
1045 1756 1169 1794 patrem
1196 1756 1228 1785 et
1251 1753 1352 1786 filium

250 1801 314 1832 Pro
339 1809 440 1832 uxore
463 1801 612 1841 petierat,
937 1801 979 1833 Et
1006 1801 1154 1841 spiritum
1178 1802 1367 1843 paraclitum

251 1847 316 1879 Sed
340 1848 421 1879 haec
445 1849 575 1888 superni
601 1849 709 1888 gaudii
937 1848 1107 1889 Rogemus,
1134 1854 1169 1881 ut
1193 1850 1345 1881 auxilium

249 1896 322 1928 Jam
355 1895 450 1936 plena
475 1894 723 1936 subterfugerat.
938 1896 1002 1927 Det
1025 1896 1116 1928 nobis
1142 1896 1236 1936 hujus
1260 1898 1420 1932 meritum.

266 1960 347 1990 offic.
375 1970 427 1989 ms.
449 1960 478 1988 S.
499 1961 646 1989 Patriciae
673 1970 748 1990 saec.
772 1960 815 1990 15.
845 1970 888 1990 ex.
924 1961 992 1989 Cod.
1013 1962 1162 1998 Neapolit.
1188 1962 1232 1991 VI
1250 1963 1275 1990 F
1305 1961 1347 1991 10.
1370 1979 1407 1984 —
1436 1962 1466 1999 1,
1487 1962 1507 1992 4

185 2000 286 2029 fehlen
306 2002 379 2028 zwei
400 1999 515 2036 Silben3
538 2000 686 2028 Christum
708 2001 835 2036 erganzt.
855 2014 892 2019 —-
913 1998 938 2036 6,
960 1997 977 2028 3
997 1999 1071 2028 fehlt
1090 2002 1156 2029 eine
1176 2000 1272 2038 Silbe3
1293 2004 1327 2029 ut
1347 2003 1474 2039 erganzt.

632 2121 692 2154 361.
721 2122 765 2154 Dc
784 2124 893 2154 sancta
912 2121 1062 2154 Patricia.

713 2190 762 2221 Ad
780 2190 974 2221 Nocturnum.

186 2262 217 2295 1.
246 2261 370 2303 Gaude,
396 2260 475 2297 felix
500 2261 666 2303 Neapolis,
874 2262 907 2295 2.
932 2260 1017 2293 Nam
1040 2261 1202 2294 Patriciae
1225 2262 1357 2303 virginis

243 2310 403 2342 Alumnae
428 2310 517 2343 dives
543 2317 684 2350 munere,
931 2307 1043 2342 Laude
1068 2310 1155 2342 luces
1181 2313 1213 2342 et
1236 2311 1348 2352 titulis,

243 2357 331 2392 Urbs
358 2367 451 2399 quam
478 2357 769 2398 Constantinopolis
933 2356 1019 2396 Quae
1043 2358 1114 2390 luce
1138 2359 1206 2391 veri
1229 2358 1357 2392 luminis

242 2406 351 2439 Primo
375 2406 510 2439 lactavit
532 2406 641 2441 ubere.
929 2404 1061 2438 clarens
1088 2406 1188 2439 claret
1211 2408 1384 2442 miraculis.
