<?xml version="1.0" encoding="UTF-8"?>
<!DOCTYPE html PUBLIC "-//W3C//DTD XHTML 1.0 Transitional//EN"
    "http://www.w3.org/TR/xhtml1/DTD/xhtml1-transitional.dtd">
<html xmlns="http://www.w3.org/1999/xhtml" xml:lang="en" lang="en">
 <head>
  <title>
</title>
<meta http-equiv="Content-Type" content="text/html;charset=utf-8" />
  <meta name='ocr-system' content='tesseract 3.04.00' />
  <meta name='ocr-capabilities' content='ocr_page ocr_carea ocr_par ocr_line ocrx_word'/>
</head>
<body>
  <div class='ocr_page' id='page_1' title='image "./analectahymnica22drevuoft_00019.png"; bbox 0 0 1651 2621; ppageno 0'>
   <div class='ocr_carea' id='block_1_1' title="bbox 682 136 920 171">
    <p class='ocr_par' dir='ltr' id='par_1_1' title="bbox 682 136 920 171">
     <span class='ocr_line' id='line_1_1' title="bbox 682 136 920 171; baseline 0 -11"><span class='ocrx_word' id='word_1_1' title='bbox 682 136 920 171; x_wconf 55' lang='grc' dir='ltr'>-16-κ</span> 
     </span>
    </p>
   </div>
   <div class='ocr_carea' id='block_1_2' title="bbox 390 229 1184 406">
    <p class='ocr_par' dir='ltr' id='par_1_2' title="bbox 390 229 1184 365">
     <span class='ocr_line' id='line_1_2' title="bbox 390 229 1184 274; baseline -0.008 -8"><span class='ocrx_word' id='word_1_2' title='bbox 390 235 421 268; x_wconf 79' lang='grc'>5.</span> <span class='ocrx_word' id='word_1_3' title='bbox 451 233 621 266; x_wconf 76' lang='lat' dir='ltr'>Dexteram</span> <span class='ocrx_word' id='word_1_4' title='bbox 647 233 778 274; x_wconf 83' lang='lat' dir='ltr'>mancis,</span> <span class='ocrx_word' id='word_1_5' title='bbox 800 231 944 263; x_wconf 74' lang='lat' dir='ltr'><strong>tremulis</strong></span> <span class='ocrx_word' id='word_1_6' title='bbox 969 234 1002 263; x_wconf 79' lang='lat' dir='ltr'>et</span> <span class='ocrx_word' id='word_1_7' title='bbox 1024 229 1184 272; x_wconf 78' lang='lat' dir='ltr'>membris,</span> 
     </span>
     <span class='ocr_line' id='line_1_3' title="bbox 450 277 1089 319; baseline -0.005 -8"><span class='ocrx_word' id='word_1_8' title='bbox 450 279 619 312; x_wconf 79' lang='lat' dir='ltr'>Gressibus</span> <span class='ocrx_word' id='word_1_9' title='bbox 645 280 745 312; x_wconf 87' lang='lat' dir='ltr'>clodis</span> <span class='ocrx_word' id='word_1_10' title='bbox 770 279 950 319; x_wconf 86' lang='lat' dir='ltr'>regidisque</span> <span class='ocrx_word' id='word_1_11' title='bbox 975 277 1089 317; x_wconf 87' lang='lat' dir='ltr'>earnis,</span> 
     </span>
     <span class='ocr_line' id='line_1_4' title="bbox 449 325 1099 365; baseline -0.005 -6"><span class='ocrx_word' id='word_1_12' title='bbox 449 327 586 359; x_wconf 81' lang='lat' dir='ltr'>Praebet</span> <span class='ocrx_word' id='word_1_13' title='bbox 609 327 753 359; x_wconf 76' lang='lat' dir='ltr'>attractis</span> <span class='ocrx_word' id='word_1_14' title='bbox 779 326 986 365; x_wconf 86' lang='lat' dir='ltr'>manibusque</span> <span class='ocrx_word' id='word_1_15' title='bbox 1011 325 1099 358; x_wconf 84' lang='lat' dir='ltr'>uncis</span> 
     </span>
    </p>

    <p class='ocr_par' dir='ltr' id='par_1_3' title="bbox 498 374 734 406">
     <span class='ocr_line' id='line_1_5' title="bbox 498 374 734 406; baseline 0 0"><span class='ocrx_word' id='word_1_16' title='bbox 498 374 591 406; x_wconf 79' lang='lat' dir='ltr'>Dona</span> <span class='ocrx_word' id='word_1_17' title='bbox 614 374 734 406; x_wconf 85' lang='lat' dir='ltr'>salutis.</span> 
     </span>
    </p>
   </div>
   <div class='ocr_carea' id='block_1_3' title="bbox 391 429 1111 604">
    <p class='ocr_par' dir='ltr' id='par_1_4' title="bbox 391 429 1111 565">
     <span class='ocr_line' id='line_1_6' title="bbox 391 429 1111 468; baseline -0.003 -6"><span class='ocrx_word' id='word_1_18' title='bbox 391 432 421 463; x_wconf 88' lang='lat'>6.</span> <span class='ocrx_word' id='word_1_19' title='bbox 449 430 626 462; x_wconf 82' lang='lat' dir='ltr'>Daemones</span> <span class='ocrx_word' id='word_1_20' title='bbox 659 439 769 463; x_wconf 76' lang='lat' dir='ltr'>saevos</span> <span class='ocrx_word' id='word_1_21' title='bbox 795 430 961 468; x_wconf 84' lang='lat' dir='ltr'>variosque</span> <span class='ocrx_word' id='word_1_22' title='bbox 984 429 1111 461; x_wconf 86' lang='lat' dir='ltr'>morbos</span> 
     </span>
     <span class='ocr_line' id='line_1_7' title="bbox 447 476 1047 517; baseline -0.002 -8"><span class='ocrx_word' id='word_1_23' title='bbox 447 477 580 509; x_wconf 84' lang='lat' dir='ltr'><strong>Finibus</strong></span> <span class='ocrx_word' id='word_1_24' title='bbox 605 476 706 517; x_wconf 86' lang='lat' dir='ltr'>fugat,</span> <span class='ocrx_word' id='word_1_25' title='bbox 734 479 915 516; x_wconf 80' lang='lat' dir='ltr'>remeatque</span> <span class='ocrx_word' id='word_1_26' title='bbox 938 485 1047 517; x_wconf 87' lang='lat' dir='ltr'>sospes</span> 
     </span>
     <span class='ocr_line' id='line_1_8' title="bbox 447 524 995 565; baseline -0.004 -8"><span class='ocrx_word' id='word_1_27' title='bbox 447 526 552 565; x_wconf 79' lang='lat' dir='ltr'>Aeger</span> <span class='ocrx_word' id='word_1_28' title='bbox 577 525 729 557; x_wconf 84' lang='lat' dir='ltr'>advectus</span> <span class='ocrx_word' id='word_1_29' title='bbox 755 525 887 556; x_wconf 89' lang='lat' dir='ltr'>aliorum</span> <span class='ocrx_word' id='word_1_30' title='bbox 912 524 995 556; x_wconf 88' lang='lat' dir='ltr'>ulnis</span> 
     </span>
    </p>

    <p class='ocr_par' dir='ltr' id='par_1_5' title="bbox 494 571 757 604">
     <span class='ocr_line' id='line_1_9' title="bbox 494 571 757 604; baseline -0.004 0"><span class='ocrx_word' id='word_1_31' title='bbox 494 571 606 604; x_wconf 76' lang='lat' dir='ltr'>Laude</span> <span class='ocrx_word' id='word_1_32' title='bbox 632 581 757 604; x_wconf 84' lang='lat' dir='ltr'>canora.</span> 
     </span>
    </p>
   </div>
   <div class='ocr_carea' id='block_1_4' title="bbox 146 627 1456 944">
    <p class='ocr_par' dir='ltr' id='par_1_6' title="bbox 146 627 1456 944">
     <span class='ocr_line' id='line_1_10' title="bbox 388 627 1000 668; baseline -0.008 -6"><span class='ocrx_word' id='word_1_33' title='bbox 388 629 419 662; x_wconf 83' lang='lat'>7,</span> <span class='ocrx_word' id='word_1_34' title='bbox 446 628 547 668; x_wconf 74' lang='lat' dir='ltr'>HuJ&#39;us</span> <span class='ocrx_word' id='word_1_35' title='bbox 573 628 613 659; x_wconf 84' lang='lat' dir='ltr'>ad</span> <span class='ocrx_word' id='word_1_36' title='bbox 639 627 780 661; x_wconf 84' lang='lat' dir='ltr'>tumbam</span> <span class='ocrx_word' id='word_1_37' title='bbox 807 627 947 658; x_wconf 80' lang='lat' dir='ltr'>celebres</span> <span class='ocrx_word' id='word_1_38' title='bbox 994 654 1000 661; x_wconf 83' lang='lat'>.</span> 
     </span>
     <span class='ocr_line' id='line_1_11' title="bbox 450 674 1055 715; baseline -0.01 -6"><span class='ocrx_word' id='word_1_39' title='bbox 450 703 453 709; x_wconf 94' lang='lat'>.</span> <span class='ocrx_word' id='word_1_40' title='bbox 507 703 516 709; x_wconf 76' lang='lat'>.</span> <span class='ocrx_word' id='word_1_41' title='bbox 570 706 573 709; x_wconf 94' lang='lat'>.</span> <span class='ocrx_word' id='word_1_42' title='bbox 625 702 631 708; x_wconf 95' lang='lat'>.</span> <span class='ocrx_word' id='word_1_43' title='bbox 680 678 728 706; x_wconf 80' lang='lat' dir='ltr'>tes</span> <span class='ocrx_word' id='word_1_44' title='bbox 753 674 923 715; x_wconf 77' lang='lat' dir='ltr'>rogitamus</span> <span class='ocrx_word' id='word_1_45' title='bbox 949 681 1055 705; x_wconf 86' lang='lat' dir='ltr'>omnes</span> 
     </span>
     <span class='ocr_line' id='line_1_12' title="bbox 443 717 1078 765; baseline -0.005 -11"><span class='ocrx_word' id='word_1_46' title='bbox 443 722 522 761; x_wconf 82' lang='lat' dir='ltr'>Ejus</span> <span class='ocrx_word' id='word_1_47' title='bbox 549 724 585 754; x_wconf 87' lang='lat' dir='ltr'>ut</span> <span class='ocrx_word' id='word_1_48' title='bbox 609 720 739 765; x_wconf 82' lang='lat' dir='ltr'>[sanctis</span> <span class='ocrx_word' id='word_1_49' title='bbox 765 717 924 764; x_wconf 76' lang='lat' dir='ltr'>precibus]</span> <span class='ocrx_word' id='word_1_50' title='bbox 953 721 1078 753; x_wconf 82' lang='lat' dir='ltr'>relaxes</span> 
     </span>
     <span class='ocr_line' id='line_1_13' title="bbox 494 766 808 812; baseline 0 -11"><span class='ocrx_word' id='word_1_51' title='bbox 494 768 633 801; x_wconf 82' lang='lat' dir='ltr'>Crimina</span> <span class='ocrx_word' id='word_1_52' title='bbox 658 766 808 812; x_wconf 85' lang='lat' dir='ltr'>cu[ncta].</span> 
     </span>
     <span class='ocr_line' id='line_1_14' title="bbox 225 827 1456 870; baseline -0.006 -9"><span class='ocrx_word' id='word_1_53' title='bbox 225 834 335 867; x_wconf 80' lang='lat' dir='ltr'>Hymn.</span> <span class='ocrx_word' id='word_1_54' title='bbox 357 843 410 860; x_wconf 79' lang='lat' dir='ltr'>ms.</span> <span class='ocrx_word' id='word_1_55' title='bbox 432 835 644 870; x_wconf 83' lang='lat' dir='ltr'>Neapolitanus</span> <span class='ocrx_word' id='word_1_56' title='bbox 665 842 739 861; x_wconf 80' lang='lat' dir='ltr'>saec.</span> <span class='ocrx_word' id='word_1_57' title='bbox 767 830 839 861; x_wconf 77' lang='lat' dir='ltr'>1³l14.</span> <span class='ocrx_word' id='word_1_58' title='bbox 882 832 951 861; x_wconf 77' lang='lat' dir='ltr'>Cod.</span> <span class='ocrx_word' id='word_1_59' title='bbox 971 832 1158 867; x_wconf 75' lang='lat' dir='ltr'>Neapolitan-</span> <span class='ocrx_word' id='word_1_60' title='bbox 1178 831 1220 858; x_wconf 90' lang='lat' dir='ltr'>VI</span> <span class='ocrx_word' id='word_1_61' title='bbox 1241 829 1266 858; x_wconf 75' lang='lat' dir='ltr'>G</span> <span class='ocrx_word' id='word_1_62' title='bbox 1285 827 1330 857; x_wconf 84' lang='lat'>29.</span> <span class='ocrx_word' id='word_1_63' title='bbox 1350 842 1388 848; x_wconf 88' lang='lat'>———</span> <span class='ocrx_word' id='word_1_64' title='bbox 1408 828 1456 855; x_wconf 90' lang='lat' dir='ltr'>In-</span> 
     </span>
     <span class='ocr_line' id='line_1_15' title="bbox 146 865 1455 907; baseline -0.005 -8"><span class='ocrx_word' id='word_1_65' title='bbox 146 872 223 907; x_wconf 56' lang='lat' dir='ltr'>folga</span> <span class='ocrx_word' id='word_1_66' title='bbox 256 873 334 899; x_wconf 80' lang='lat' dir='ltr'>eines</span> <span class='ocrx_word' id='word_1_67' title='bbox 359 872 473 900; x_wconf 66' lang='lat' dir='ltr'>Lot-hes</span> <span class='ocrx_word' id='word_1_68' title='bbox 497 873 611 899; x_wconf 82' lang='lat' dir='ltr'>inmitte</span> <span class='ocrx_word' id='word_1_69' title='bbox 639 872 688 899; x_wconf 75' lang='lat' dir='ltr'>cles</span> <span class='ocrx_word' id='word_1_70' title='bbox 715 871 827 899; x_wconf 86' lang='lat' dir='ltr'>Blattes</span> <span class='ocrx_word' id='word_1_71' title='bbox 850 869 1079 905; x_wconf 71' lang='lat' dir='ltr'>unvollstiindig.</span> <span class='ocrx_word' id='word_1_72' title='bbox 1123 869 1207 897; x_wconf 84' lang='lat' dir='ltr'>Naeh</span> <span class='ocrx_word' id='word_1_73' title='bbox 1232 869 1288 896; x_wconf 83' lang='lat' dir='ltr'>Str.</span> <span class='ocrx_word' id='word_1_74' title='bbox 1316 865 1334 894; x_wconf 88' lang='lat'><strong>3</strong></span> <span class='ocrx_word' id='word_1_75' title='bbox 1358 866 1455 894; x_wconf 82' lang='lat' dir='ltr'>fehlen</span> 
     </span>
     <span class='ocr_line' id='line_1_16' title="bbox 151 905 1453 944; baseline -0.005 -7"><span class='ocrx_word' id='word_1_76' title='bbox 151 906 177 942; x_wconf 63' lang='lat' dir='ltr'>L,</span> <span class='ocrx_word' id='word_1_77' title='bbox 203 909 279 937; x_wconf 76' lang='lat' dir='ltr'>nach</span> <span class='ocrx_word' id='word_1_78' title='bbox 299 909 356 937; x_wconf 52' lang='grc' dir='ltr'>ξίν.</span> <span class='ocrx_word' id='word_1_79' title='bbox 382 909 399 936; x_wconf 83' lang='grc'>’7</span> <span class='ocrx_word' id='word_1_80' title='bbox 426 911 492 938; x_wconf 85' lang='lat' dir='ltr'>eine</span> <span class='ocrx_word' id='word_1_81' title='bbox 512 909 652 944; x_wconf 79' lang='lat' dir='ltr'>Strophe,</span> <span class='ocrx_word' id='word_1_82' title='bbox 675 917 735 936; x_wconf 79' lang='lat' dir='ltr'>von</span> <span class='ocrx_word' id='word_1_83' title='bbox 760 909 854 936; x_wconf 67' lang='lat' dir='ltr'>denen</span> <span class='ocrx_word' id='word_1_84' title='bbox 879 916 934 936; x_wconf 82' lang='lat' dir='ltr'>nur</span> <span class='ocrx_word' id='word_1_85' title='bbox 958 908 1072 944; x_wconf 82' lang='lat' dir='ltr'>wenige</span> <span class='ocrx_word' id='word_1_86' title='bbox 1089 908 1194 935; x_wconf 57' lang='lat' dir='ltr'>XVorte</span> <span class='ocrx_word' id='word_1_87' title='bbox 1218 905 1397 934; x_wconf 75' lang='lat' dir='ltr'>voi-handen.</span> <span class='ocrx_word' id='word_1_88' title='bbox 1429 920 1453 924; x_wconf 97' lang='lat'>—</span> 
     </span>
    </p>
   </div>
   <div class='ocr_carea' id='block_1_5' title="bbox 148 940 1453 1013">
    <p class='ocr_par' dir='ltr' id='par_1_7' title="bbox 148 940 1453 1013">
     <span class='ocr_line' id='line_1_17' title="bbox 148 940 1453 982; baseline -0.005 -8"><span class='ocrx_word' id='word_1_89' title='bbox 148 944 175 979; x_wconf 85' lang='lat'>3,</span> <span class='ocrx_word' id='word_1_90' title='bbox 197 945 215 974; x_wconf 79' lang='lat'><em>2</em></span> <span class='ocrx_word' id='word_1_91' title='bbox 234 949 268 975; x_wconf 86' lang='lat' dir='ltr'>ut</span> <span class='ocrx_word' id='word_1_92' title='bbox 287 950 424 975; x_wconf 86' lang='lat' dir='ltr'>austrum.</span> <span class='ocrx_word' id='word_1_93' title='bbox 446 962 483 967; x_wconf 94' lang='lat'>—-</span> <span class='ocrx_word' id='word_1_94' title='bbox 503 946 530 982; x_wconf 88' lang='lat'>4,</span> <span class='ocrx_word' id='word_1_95' title='bbox 551 945 569 976; x_wconf 85' lang='lat'><strong>3</strong></span> <span class='ocrx_word' id='word_1_96' title='bbox 589 955 720 975; x_wconf 85' lang='lat' dir='ltr'>sonoras.</span> <span class='ocrx_word' id='word_1_97' title='bbox 740 962 778 966; x_wconf 97' lang='lat'><strong>—</strong></span> <span class='ocrx_word' id='word_1_98' title='bbox 797 944 824 980; x_wconf 83' lang='lat'>4,</span> <span class='ocrx_word' id='word_1_99' title='bbox 844 944 864 973; x_wconf 82' lang='lat'>4</span> <span class='ocrx_word' id='word_1_100' title='bbox 883 945 1036 982; x_wconf 83' lang='lat' dir='ltr'>Glangere.</span> <span class='ocrx_word' id='word_1_101' title='bbox 1058 961 1094 965; x_wconf 91' lang='lat'>—</span> <span class='ocrx_word' id='word_1_102' title='bbox 1113 944 1141 979; x_wconf 81' lang='lat'>5,</span> <span class='ocrx_word' id='word_1_103' title='bbox 1162 942 1180 972; x_wconf 87' lang='lat'><strong>3</strong></span> <span class='ocrx_word' id='word_1_104' title='bbox 1199 944 1310 972; x_wconf 84' lang='lat' dir='ltr'>Plebet.</span> <span class='ocrx_word' id='word_1_105' title='bbox 1331 958 1369 964; x_wconf 72' lang='lat'>—</span> <span class='ocrx_word' id='word_1_106' title='bbox 1390 940 1416 975; x_wconf 87' lang='lat'>6,</span> <span class='ocrx_word' id='word_1_107' title='bbox 1439 940 1453 969; x_wconf 86' lang='lat'>1</span> 
     </span>
     <span class='ocr_line' id='line_1_18' title="bbox 148 993 257 1013; baseline -0.018 -1"><span class='ocrx_word' id='word_1_108' title='bbox 148 993 257 1013; x_wconf 80' lang='lat' dir='ltr'>servos.</span> 
     </span>
    </p>
   </div>
   <div class='ocr_carea' id='block_1_6' title="bbox 601 1075 999 1179">
    <p class='ocr_par' dir='ltr' id='par_1_8' title="bbox 601 1075 999 1179">
     <span class='ocr_line' id='line_1_19' title="bbox 601 1075 999 1115; baseline -0.005 -8"><span class='ocrx_word' id='word_1_109' title='bbox 601 1076 642 1107; x_wconf 83' lang='lat'>16.</span> <span class='ocrx_word' id='word_1_110' title='bbox 672 1076 715 1107; x_wconf 86' lang='lat' dir='ltr'>De</span> <span class='ocrx_word' id='word_1_111' title='bbox 735 1075 841 1107; x_wconf 85' lang='lat' dir='ltr'>sancto</span> <span class='ocrx_word' id='word_1_112' title='bbox 861 1075 999 1115; x_wconf 84' lang='lat' dir='ltr'>Agnello.</span> 
     </span>
     <span class='ocr_line' id='line_1_20' title="bbox 689 1142 913 1179; baseline -0.004 -7"><span class='ocrx_word' id='word_1_113' title='bbox 689 1142 737 1172; x_wconf 74' lang='lat' dir='ltr'>Ad</span> <span class='ocrx_word' id='word_1_114' title='bbox 755 1143 913 1179; x_wconf 72' lang='lat' dir='ltr'>vesperas.</span> 
     </span>
    </p>
   </div>
   <div class='ocr_carea' id='block_1_7' title="bbox 148 1200 1379 1982">
    <p class='ocr_par' dir='ltr' id='par_1_9' title="bbox 153 1200 1342 1384">
     <span class='ocr_line' id='line_1_21' title="bbox 153 1200 1254 1242; baseline -0.002 -8"><span class='ocrx_word' id='word_1_115' title='bbox 153 1202 183 1234; x_wconf 87' lang='lat'>1.</span> <span class='ocrx_word' id='word_1_116' title='bbox 209 1202 337 1234; x_wconf 89' lang='lat' dir='ltr'>Almum</span> <span class='ocrx_word' id='word_1_117' title='bbox 362 1204 489 1233; x_wconf 85' lang='lat' dir='ltr'>sanctus</span> <span class='ocrx_word' id='word_1_118' title='bbox 516 1202 675 1234; x_wconf 83' lang='lat' dir='ltr'>ditaverat</span> <span class='ocrx_word' id='word_1_119' title='bbox 832 1201 863 1235; x_wconf 86' lang='lat'>5.</span> <span class='ocrx_word' id='word_1_120' title='bbox 887 1202 937 1233; x_wconf 88' lang='lat' dir='ltr'>Ac</span> <span class='ocrx_word' id='word_1_121' title='bbox 961 1202 1111 1234; x_wconf 87' lang='lat' dir='ltr'>alimenta</span> <span class='ocrx_word' id='word_1_122' title='bbox 1132 1200 1254 1242; x_wconf 82' lang='lat' dir='ltr'>tribuit,</span> 
     </span>
     <span class='ocr_line' id='line_1_22' title="bbox 210 1247 1313 1289; baseline -0.005 -7"><span class='ocrx_word' id='word_1_123' title='bbox 210 1249 358 1289; x_wconf 80' lang='lat' dir='ltr'>Spiritus,</span> <span class='ocrx_word' id='word_1_124' title='bbox 385 1250 435 1280; x_wconf 85' lang='lat' dir='ltr'>oui</span> <span class='ocrx_word' id='word_1_125' title='bbox 460 1249 615 1281; x_wconf 78' lang='lat' dir='ltr'>servierat</span> <span class='ocrx_word' id='word_1_126' title='bbox 887 1249 1013 1281; x_wconf 78' lang='lat' dir='ltr'>Fovere</span> <span class='ocrx_word' id='word_1_127' title='bbox 1037 1249 1089 1288; x_wconf 83' lang='lat' dir='ltr'>qui</span> <span class='ocrx_word' id='word_1_128' title='bbox 1113 1257 1175 1280; x_wconf 85' lang='lat' dir='ltr'>non</span> <span class='ocrx_word' id='word_1_129' title='bbox 1198 1247 1313 1286; x_wconf 82' lang='lat' dir='ltr'>renuit,</span> 
     </span>
     <span class='ocr_line' id='line_1_23' title="bbox 211 1295 1333 1337; baseline -0.003 -9"><span class='ocrx_word' id='word_1_130' title='bbox 211 1297 375 1336; x_wconf 83' lang='lat' dir='ltr'>Agnellus,</span> <span class='ocrx_word' id='word_1_131' title='bbox 401 1299 496 1336; x_wconf 86' lang='lat' dir='ltr'>pater</span> <span class='ocrx_word' id='word_1_132' title='bbox 517 1305 702 1337; x_wconf 82' lang='lat' dir='ltr'>pauperum,</span> <span class='ocrx_word' id='word_1_133' title='bbox 890 1296 1072 1336; x_wconf 77' lang='lat' dir='ltr'>Quicunque</span> <span class='ocrx_word' id='word_1_134' title='bbox 1096 1296 1201 1336; x_wconf 86' lang='lat' dir='ltr'>gliscit</span> <span class='ocrx_word' id='word_1_135' title='bbox 1225 1295 1333 1328; x_wconf 86' lang='lat' dir='ltr'>vivere</span> 
     </span>
     <span class='ocr_line' id='line_1_24' title="bbox 208 1342 1342 1384; baseline 0.001 -10"><span class='ocrx_word' id='word_1_136' title='bbox 208 1343 413 1384; x_wconf 89' lang='lat' dir='ltr'>Contemptor</span> <span class='ocrx_word' id='word_1_137' title='bbox 438 1343 669 1383; x_wconf 82' lang='lat' dir='ltr'>temporalium.</span> <span class='ocrx_word' id='word_1_138' title='bbox 891 1344 1070 1376; x_wconf 80' lang='lat' dir='ltr'>Secundum</span> <span class='ocrx_word' id='word_1_139' title='bbox 1094 1344 1180 1375; x_wconf 88' lang='lat' dir='ltr'>dicta</span> <span class='ocrx_word' id='word_1_140' title='bbox 1203 1342 1342 1383; x_wconf 76' lang='lat' dir='ltr'>regulae.</span> 
     </span>
    </p>

    <p class='ocr_par' dir='ltr' id='par_1_10' title="bbox 152 1399 1343 1581">
     <span class='ocr_line' id='line_1_25' title="bbox 152 1399 1307 1441; baseline -0.001 -10"><span class='ocrx_word' id='word_1_141' title='bbox 152 1400 183 1432; x_wconf 88' lang='lat'>2.</span> <span class='ocrx_word' id='word_1_142' title='bbox 212 1399 272 1439; x_wconf 74' lang='lat' dir='ltr'>Qui</span> <span class='ocrx_word' id='word_1_143' title='bbox 298 1403 366 1432; x_wconf 87' lang='lat' dir='ltr'>erat</span> <span class='ocrx_word' id='word_1_144' title='bbox 387 1400 419 1431; x_wconf 91' lang='lat' dir='ltr'>in</span> <span class='ocrx_word' id='word_1_145' title='bbox 446 1400 621 1440; x_wconf 82' lang='lat' dir='ltr'>agminibus</span> <span class='ocrx_word' id='word_1_146' title='bbox 832 1401 863 1434; x_wconf 89' lang='lat'>6.</span> <span class='ocrx_word' id='word_1_147' title='bbox 891 1401 915 1433; x_wconf 95' lang='lat' dir='ltr'>O</span> <span class='ocrx_word' id='word_1_148' title='bbox 940 1400 1077 1441; x_wconf 85' lang='lat' dir='ltr'>Agnelle</span> <span class='ocrx_word' id='word_1_149' title='bbox 1100 1400 1307 1440; x_wconf 84' lang='lat' dir='ltr'>sanctissime,</span> 
     </span>
     <span class='ocr_line' id='line_1_26' title="bbox 208 1447 1343 1487; baseline -0.002 -8"><span class='ocrx_word' id='word_1_150' title='bbox 208 1448 390 1479; x_wconf 76' lang='lat' dir='ltr'>Praescitus</span> <span class='ocrx_word' id='word_1_151' title='bbox 412 1448 478 1486; x_wconf 84' lang='lat' dir='ltr'>jam</span> <span class='ocrx_word' id='word_1_152' title='bbox 505 1447 703 1487; x_wconf 87' lang='lat' dir='ltr'>coelestibus,</span> <span class='ocrx_word' id='word_1_153' title='bbox 890 1447 1049 1480; x_wconf 81' lang='lat' dir='ltr'>Christum</span> <span class='ocrx_word' id='word_1_154' title='bbox 1075 1456 1172 1479; x_wconf 84' lang='lat' dir='ltr'>exora</span> <span class='ocrx_word' id='word_1_155' title='bbox 1196 1454 1343 1487; x_wconf 83' lang='lat' dir='ltr'>propere,</span> 
     </span>
     <span class='ocr_line' id='line_1_27' title="bbox 208 1493 1330 1534; baseline -0.002 -7"><span class='ocrx_word' id='word_1_156' title='bbox 208 1495 255 1528; x_wconf 85' lang='lat' dir='ltr'>Ut</span> <span class='ocrx_word' id='word_1_157' title='bbox 279 1497 367 1533; x_wconf 88' lang='lat' dir='ltr'>patet</span> <span class='ocrx_word' id='word_1_158' title='bbox 392 1503 451 1534; x_wconf 89' lang='lat' dir='ltr'>per</span> <span class='ocrx_word' id='word_1_159' title='bbox 475 1494 627 1526; x_wconf 82' lang='lat' dir='ltr'>miracula</span> <span class='ocrx_word' id='word_1_160' title='bbox 893 1495 1034 1527; x_wconf 82' lang='lat' dir='ltr'>Callidus</span> <span class='ocrx_word' id='word_1_161' title='bbox 1060 1495 1152 1527; x_wconf 85' lang='lat' dir='ltr'>adest</span> <span class='ocrx_word' id='word_1_162' title='bbox 1175 1493 1330 1534; x_wconf 85' lang='lat' dir='ltr'>improbe,</span> 
     </span>
     <span class='ocr_line' id='line_1_28' title="bbox 205 1541 1304 1581; baseline 0 -8"><span class='ocrx_word' id='word_1_163' title='bbox 205 1541 397 1574; x_wconf 85' lang='lat' dir='ltr'>Restaurata</span> <span class='ocrx_word' id='word_1_164' title='bbox 420 1541 572 1581; x_wconf 82' lang='lat' dir='ltr'>puellula.</span> <span class='ocrx_word' id='word_1_165' title='bbox 890 1542 1061 1575; x_wconf 84' lang='lat' dir='ltr'>Desiderat</span> <span class='ocrx_word' id='word_1_166' title='bbox 1084 1552 1140 1574; x_wconf 91' lang='lat' dir='ltr'>nos</span> <span class='ocrx_word' id='word_1_167' title='bbox 1165 1542 1304 1573; x_wconf 85' lang='lat' dir='ltr'>vincere.</span> 
     </span>
    </p>

    <p class='ocr_par' dir='ltr' id='par_1_11' title="bbox 149 1598 1379 1781">
     <span class='ocr_line' id='line_1_29' title="bbox 149 1598 1361 1639; baseline -0.002 -8"><span class='ocrx_word' id='word_1_168' title='bbox 149 1599 178 1631; x_wconf 87' lang='lat'>3.</span> <span class='ocrx_word' id='word_1_169' title='bbox 205 1598 300 1637; x_wconf 79' lang='lat' dir='ltr'>Cujus</span> <span class='ocrx_word' id='word_1_170' title='bbox 324 1599 420 1630; x_wconf 84' lang='lat' dir='ltr'>vitam</span> <span class='ocrx_word' id='word_1_171' title='bbox 446 1599 661 1638; x_wconf 83' lang='lat' dir='ltr'>descripserat</span> <span class='ocrx_word' id='word_1_172' title='bbox 833 1600 863 1631; x_wconf 84' lang='lat'>7.</span> <span class='ocrx_word' id='word_1_173' title='bbox 890 1599 940 1630; x_wconf 86' lang='lat' dir='ltr'>Ne</span> <span class='ocrx_word' id='word_1_174' title='bbox 963 1599 1130 1639; x_wconf 86' lang='lat' dir='ltr'>permittas</span> <span class='ocrx_word' id='word_1_175' title='bbox 1157 1599 1361 1638; x_wconf 82' lang='lat' dir='ltr'>conquassari</span> 
     </span>
     <span class='ocr_line' id='line_1_30' title="bbox 206 1645 1379 1687; baseline -0.002 -8"><span class='ocrx_word' id='word_1_176' title='bbox 206 1645 377 1683; x_wconf 76' lang='lat' dir='ltr'>Johannes,</span> <span class='ocrx_word' id='word_1_177' title='bbox 405 1654 496 1685; x_wconf 85' lang='lat' dir='ltr'>quem</span> <span class='ocrx_word' id='word_1_178' title='bbox 521 1654 612 1678; x_wconf 64' lang='lat' dir='ltr'>sanai</span> <span class='ocrx_word' id='word_1_179' title='bbox 622 1649 690 1679; x_wconf 81' lang='lat' dir='ltr'>erat</span> <span class='ocrx_word' id='word_1_180' title='bbox 889 1647 989 1678; x_wconf 85' lang='lat' dir='ltr'>Tuum</span> <span class='ocrx_word' id='word_1_181' title='bbox 1015 1655 1141 1687; x_wconf 83' lang='lat' dir='ltr'>gregem</span> <span class='ocrx_word' id='word_1_182' title='bbox 1167 1649 1198 1677; x_wconf 85' lang='lat' dir='ltr'>et</span> <span class='ocrx_word' id='word_1_183' title='bbox 1224 1646 1379 1685; x_wconf 83' lang='lat' dir='ltr'>damnari,</span> 
     </span>
     <span class='ocr_line' id='line_1_31' title="bbox 206 1693 1341 1736; baseline 0 -12"><span class='ocrx_word' id='word_1_184' title='bbox 206 1694 237 1725; x_wconf 85' lang='lat' dir='ltr'>A</span> <span class='ocrx_word' id='word_1_185' title='bbox 262 1693 419 1725; x_wconf 83' lang='lat' dir='ltr'>surditate</span> <span class='ocrx_word' id='word_1_186' title='bbox 441 1693 589 1734; x_wconf 84' lang='lat' dir='ltr'>pessima,</span> <span class='ocrx_word' id='word_1_187' title='bbox 886 1694 969 1726; x_wconf 86' lang='lat' dir='ltr'>Esto</span> <span class='ocrx_word' id='word_1_188' title='bbox 992 1696 1114 1736; x_wconf 84' lang='lat' dir='ltr'>pastor,</span> <span class='ocrx_word' id='word_1_189' title='bbox 1140 1694 1223 1726; x_wconf 82' lang='lat' dir='ltr'>sicut</span> <span class='ocrx_word' id='word_1_190' title='bbox 1245 1693 1341 1725; x_wconf 55' lang='lat' dir='ltr'>nosti,</span> 
     </span>
     <span class='ocr_line' id='line_1_32' title="bbox 206 1740 1347 1781; baseline 0.002 -9"><span class='ocrx_word' id='word_1_191' title='bbox 206 1741 237 1772; x_wconf 93' lang='lat' dir='ltr'><strong>A</strong></span> <span class='ocrx_word' id='word_1_192' title='bbox 262 1749 333 1781; x_wconf 83' lang='lat' dir='ltr'>qua,</span> <span class='ocrx_word' id='word_1_193' title='bbox 361 1740 497 1781; x_wconf 85' lang='lat' dir='ltr'>Christe,</span> <span class='ocrx_word' id='word_1_194' title='bbox 523 1750 580 1772; x_wconf 91' lang='lat' dir='ltr'>nos</span> <span class='ocrx_word' id='word_1_195' title='bbox 605 1740 717 1773; x_wconf 85' lang='lat' dir='ltr'>libera.</span> <span class='ocrx_word' id='word_1_196' title='bbox 889 1741 1095 1780; x_wconf 84' lang='lat' dir='ltr'>Resistasque</span> <span class='ocrx_word' id='word_1_197' title='bbox 1118 1743 1227 1773; x_wconf 88' lang='lat' dir='ltr'>nostro</span> <span class='ocrx_word' id='word_1_198' title='bbox 1253 1741 1347 1774; x_wconf 90' lang='lat' dir='ltr'>hosti.</span> 
     </span>
    </p>

    <p class='ocr_par' dir='ltr' id='par_1_12' title="bbox 148 1797 1374 1982">
     <span class='ocr_line' id='line_1_33' title="bbox 148 1797 1328 1838; baseline -0.001 -8"><span class='ocrx_word' id='word_1_199' title='bbox 148 1798 180 1830; x_wconf 83' lang='lat'>4.</span> <span class='ocrx_word' id='word_1_200' title='bbox 206 1797 337 1830; x_wconf 80' lang='lat' dir='ltr'>Puellae</span> <span class='ocrx_word' id='word_1_201' title='bbox 363 1797 629 1837; x_wconf 83' lang='lat' dir='ltr'>consanguineum</span> <span class='ocrx_word' id='word_1_202' title='bbox 831 1800 863 1832; x_wconf 79' lang='lat'>8.</span> <span class='ocrx_word' id='word_1_203' title='bbox 888 1798 959 1830; x_wconf 75' lang='lat' dir='ltr'>Hoc</span> <span class='ocrx_word' id='word_1_204' title='bbox 984 1798 1139 1831; x_wconf 80' lang='lat' dir='ltr'>concedat</span> <span class='ocrx_word' id='word_1_205' title='bbox 1158 1800 1251 1838; x_wconf 82' lang='lat' dir='ltr'>pater</span> <span class='ocrx_word' id='word_1_206' title='bbox 1273 1798 1328 1837; x_wconf 84' lang='lat' dir='ltr'>pie</span> 
     </span>
     <span class='ocr_line' id='line_1_34' title="bbox 206 1844 1374 1884; baseline 0.001 -8"><span class='ocrx_word' id='word_1_207' title='bbox 206 1845 245 1877; x_wconf 88' lang='lat' dir='ltr'>In</span> <span class='ocrx_word' id='word_1_208' title='bbox 271 1853 399 1877; x_wconf 86' lang='lat' dir='ltr'>carcere</span> <span class='ocrx_word' id='word_1_209' title='bbox 422 1854 481 1884; x_wconf 87' lang='lat' dir='ltr'>per</span> <span class='ocrx_word' id='word_1_210' title='bbox 504 1844 661 1884; x_wconf 89' lang='lat' dir='ltr'>proelium</span> <span class='ocrx_word' id='word_1_211' title='bbox 889 1847 984 1880; x_wconf 81' lang='lat' dir='ltr'>Jesus</span> <span class='ocrx_word' id='word_1_212' title='bbox 1011 1845 1155 1879; x_wconf 88' lang='lat' dir='ltr'>Christus</span> <span class='ocrx_word' id='word_1_213' title='bbox 1179 1846 1212 1877; x_wconf 88' lang='lat' dir='ltr'>in</span> <span class='ocrx_word' id='word_1_214' title='bbox 1235 1847 1295 1878; x_wconf 84' lang='lat' dir='ltr'>hac</span> <span class='ocrx_word' id='word_1_215' title='bbox 1322 1846 1374 1878; x_wconf 91' lang='lat' dir='ltr'>die</span> 
     </span>
     <span class='ocr_line' id='line_1_35' title="bbox 205 1892 1302 1935; baseline 0.002 -11"><span class='ocrx_word' id='word_1_216' title='bbox 205 1893 376 1925; x_wconf 84' lang='lat' dir='ltr'>Abstraxit</span> <span class='ocrx_word' id='word_1_217' title='bbox 400 1896 431 1924; x_wconf 90' lang='lat' dir='ltr'>et</span> <span class='ocrx_word' id='word_1_218' title='bbox 455 1901 514 1933; x_wconf 87' lang='lat' dir='ltr'>per</span> <span class='ocrx_word' id='word_1_219' title='bbox 538 1892 680 1925; x_wconf 86' lang='lat' dir='ltr'>triduum</span> <span class='ocrx_word' id='word_1_220' title='bbox 889 1894 1024 1934; x_wconf 84' lang='lat' dir='ltr'>Unaque</span> <span class='ocrx_word' id='word_1_221' title='bbox 1049 1902 1120 1925; x_wconf 88' lang='lat' dir='ltr'>cum</span> <span class='ocrx_word' id='word_1_222' title='bbox 1144 1893 1302 1935; x_wconf 85' lang='lat' dir='ltr'>paraclito</span> 
     </span>
     <span class='ocr_line' id='line_1_36' title="bbox 204 1940 1310 1982; baseline 0.003 -10"><span class='ocrx_word' id='word_1_223' title='bbox 204 1940 401 1973; x_wconf 82' lang='lat' dir='ltr'>Ministravit</span> <span class='ocrx_word' id='word_1_224' title='bbox 425 1940 585 1975; x_wconf 78' lang='lat' dir='ltr'>auxilium.</span> <span class='ocrx_word' id='word_1_225' title='bbox 890 1943 928 1975; x_wconf 89' lang='lat' dir='ltr'>In</span> <span class='ocrx_word' id='word_1_226' title='bbox 953 1942 1148 1982; x_wconf 87' lang='lat' dir='ltr'>sempiterna</span> <span class='ocrx_word' id='word_1_227' title='bbox 1173 1942 1310 1975; x_wconf 83' lang='lat' dir='ltr'>saecula.</span> 
     </span>
    </p>
   </div>
   <div class='ocr_carea' id='block_1_8' title="bbox 147 2004 1456 2079">
    <p class='ocr_par' dir='ltr' id='par_1_13' title="bbox 147 2004 1456 2079">
     <span class='ocr_line' id='line_1_37' title="bbox 147 2004 1456 2069; baseline 0.002 -39"><span class='ocrx_word' id='word_1_228' title='bbox 147 2040 164 2068; x_wconf 69' lang='lat'>7</span> <span class='ocrx_word' id='word_1_229' title='bbox 198 2004 323 2069; x_wconf 66' lang='lat' dir='ltr'>1Propr.</span> <span class='ocrx_word' id='word_1_230' title='bbox 353 2005 580 2050; x_wconf 53' lang='lat' dir='ltr'>bieapolitanum</span> <span class='ocrx_word' id='word_1_231' title='bbox 613 2006 682 2041; x_wconf 88' lang='lat' dir='ltr'>imp.</span> <span class='ocrx_word' id='word_1_232' title='bbox 711 2005 837 2042; x_wconf 83' lang='lat' dir='ltr'>Neapoli</span> <span class='ocrx_word' id='word_1_233' title='bbox 866 2004 948 2034; x_wconf 79' lang='lat'>1525.</span> <span class='ocrx_word' id='word_1_234' title='bbox 973 2021 1010 2025; x_wconf 90' lang='lat'>-—</span> <span class='ocrx_word' id='word_1_235' title='bbox 1037 2004 1067 2041; x_wconf 84' lang='lat'>5,</span> <span class='ocrx_word' id='word_1_236' title='bbox 1097 2005 1117 2034; x_wconf 87' lang='grc'>4</span> <span class='ocrx_word' id='word_1_237' title='bbox 1136 2006 1249 2034; x_wconf 80' lang='lat' dir='ltr'>dietant</span> <span class='ocrx_word' id='word_1_238' title='bbox 1267 2006 1395 2042; x_wconf 83' lang='lat' dir='ltr'>reg-ulae.</span> <span class='ocrx_word' id='word_1_239' title='bbox 1421 2021 1456 2026; x_wconf 76' lang='lat'>-—-</span> 
     </span>
     <span class='ocr_line' id='line_1_38' title="bbox 168 2050 377 2079; baseline -0.005 -10"><span class='ocrx_word' id='word_1_240' title='bbox 168 2062 174 2076; x_wconf 85' lang='lat'>‚</span> <span class='ocrx_word' id='word_1_241' title='bbox 235 2050 377 2079; x_wconf 78' lang='lat' dir='ltr'>quassam.</span> 
     </span>
    </p>
   </div>
   <div class='ocr_carea' id='block_1_9' title="bbox 597 2133 999 2231">
    <p class='ocr_par' dir='ltr' id='par_1_14' title="bbox 597 2133 999 2231">
     <span class='ocr_line' id='line_1_39' title="bbox 597 2133 999 2175; baseline 0.002 -12"><span class='ocrx_word' id='word_1_242' title='bbox 597 2133 637 2164; x_wconf 83' lang='lat'>17.</span> <span class='ocrx_word' id='word_1_243' title='bbox 664 2134 706 2166; x_wconf 86' lang='lat' dir='ltr'>De</span> <span class='ocrx_word' id='word_1_244' title='bbox 727 2135 835 2166; x_wconf 83' lang='lat' dir='ltr'>sancto</span> <span class='ocrx_word' id='word_1_245' title='bbox 856 2134 999 2175; x_wconf 80' lang='lat' dir='ltr'>Agnello.</span> 
     </span>
     <span class='ocr_line' id='line_1_40' title="bbox 673 2200 923 2231; baseline 0 -2"><span class='ocrx_word' id='word_1_246' title='bbox 673 2200 720 2230; x_wconf 84' lang='lat' dir='ltr'>Ad</span> <span class='ocrx_word' id='word_1_247' title='bbox 738 2201 923 2231; x_wconf 79' lang='lat' dir='ltr'>Matutinum.</span> 
     </span>
    </p>
   </div>
   <div class='ocr_carea' id='block_1_10' title="bbox 149 2258 1298 2398">
    <p class='ocr_par' dir='ltr' id='par_1_15' title="bbox 149 2258 1298 2398">
     <span class='ocr_line' id='line_1_41' title="bbox 149 2258 1298 2302; baseline 0.002 -11"><span class='ocrx_word' id='word_1_248' title='bbox 149 2259 181 2291; x_wconf 80' lang='lat' dir='ltr'>i.</span> <span class='ocrx_word' id='word_1_249' title='bbox 208 2259 330 2299; x_wconf 78' lang='lat' dir='ltr'>Grande,</span> <span class='ocrx_word' id='word_1_250' title='bbox 356 2258 435 2290; x_wconf 76' lang='lat' dir='ltr'>felix</span> <span class='ocrx_word' id='word_1_251' title='bbox 458 2258 622 2301; x_wconf 78' lang='lat' dir='ltr'>Neapolis,</span> <span class='ocrx_word' id='word_1_252' title='bbox 829 2263 861 2293; x_wconf 83' lang='lat'>2.</span> <span class='ocrx_word' id='word_1_253' title='bbox 889 2260 1058 2293; x_wconf 80' lang='lat' dir='ltr'>Gaudeant</span> <span class='ocrx_word' id='word_1_254' title='bbox 1082 2260 1167 2293; x_wconf 86' lang='lat' dir='ltr'>cives</span> <span class='ocrx_word' id='word_1_255' title='bbox 1191 2262 1298 2302; x_wconf 73' lang='lat' dir='ltr'>ponci,</span> 
     </span>
     <span class='ocr_line' id='line_1_42' title="bbox 207 2306 1278 2347; baseline 0.001 -9"><span class='ocrx_word' id='word_1_256' title='bbox 207 2307 309 2338; x_wconf 90' lang='lat' dir='ltr'>Tanto</span> <span class='ocrx_word' id='word_1_257' title='bbox 336 2307 436 2339; x_wconf 87' lang='lat' dir='ltr'>ditata</span> <span class='ocrx_word' id='word_1_258' title='bbox 460 2315 600 2347; x_wconf 82' lang='lat' dir='ltr'>munere,</span> <span class='ocrx_word' id='word_1_259' title='bbox 890 2309 1005 2340; x_wconf 88' lang='lat' dir='ltr'>Omnes</span> <span class='ocrx_word' id='word_1_260' title='bbox 1031 2306 1116 2338; x_wconf 88' lang='lat' dir='ltr'>cives</span> <span class='ocrx_word' id='word_1_261' title='bbox 1141 2309 1278 2347; x_wconf 87' lang='lat' dir='ltr'>angelici</span> 
     </span>
     <span class='ocr_line' id='line_1_43' title="bbox 207 2353 1293 2398; baseline 0.002 -13"><span class='ocrx_word' id='word_1_262' title='bbox 207 2353 268 2385; x_wconf 87' lang='lat' dir='ltr'>Per</span> <span class='ocrx_word' id='word_1_263' title='bbox 291 2353 397 2392; x_wconf 89' lang='lat' dir='ltr'>ipsum</span> <span class='ocrx_word' id='word_1_264' title='bbox 422 2362 454 2385; x_wconf 91' lang='lat' dir='ltr'>es</span> <span class='ocrx_word' id='word_1_265' title='bbox 480 2353 663 2394; x_wconf 80' lang='lat' dir='ltr'>laudabilis,</span> <span class='ocrx_word' id='word_1_266' title='bbox 889 2355 932 2387; x_wconf 86' lang='lat' dir='ltr'>Et</span> <span class='ocrx_word' id='word_1_267' title='bbox 956 2354 1121 2386; x_wconf 83' lang='lat' dir='ltr'>universus</span> <span class='ocrx_word' id='word_1_268' title='bbox 1146 2356 1293 2398; x_wconf 80' lang='lat' dir='ltr'>populus,</span> 
     </span>
    </p>
   </div>
   <div class='ocr_carea' id='block_1_11' title="bbox 209 2400 1371 2440">
    <p class='ocr_par' dir='ltr' id='par_1_16' title="bbox 209 2400 1371 2440">
     <span class='ocr_line' id='line_1_44' title="bbox 209 2400 1371 2440; baseline 0.003 -9"><span class='ocrx_word' id='word_1_269' title='bbox 209 2401 306 2440; x_wconf 72' lang='lat' dir='ltr'>Quem</span> <span class='ocrx_word' id='word_1_270' title='bbox 331 2400 474 2432; x_wconf 87' lang='lat' dir='ltr'>meruisti</span> <span class='ocrx_word' id='word_1_271' title='bbox 500 2402 646 2435; x_wconf 83' lang='lat' dir='ltr'>condere.</span> <span class='ocrx_word' id='word_1_272' title='bbox 890 2401 1040 2434; x_wconf 83' lang='lat' dir='ltr'>Exsultet</span> <span class='ocrx_word' id='word_1_273' title='bbox 1066 2401 1188 2433; x_wconf 89' lang='lat' dir='ltr'>coelum</span> <span class='ocrx_word' id='word_1_274' title='bbox 1212 2402 1371 2438; x_wconf 87' lang='lat' dir='ltr'>laudibus.</span> 
     </span>
    </p>
   </div>
  </div>
 </body>
</html>
