<?xml version="1.0" encoding="UTF-8"?>
<!DOCTYPE html PUBLIC "-//W3C//DTD XHTML 1.0 Transitional//EN"
    "http://www.w3.org/TR/xhtml1/DTD/xhtml1-transitional.dtd">
<html xmlns="http://www.w3.org/1999/xhtml" xml:lang="en" lang="en">
 <head>
  <title>
</title>
<meta http-equiv="Content-Type" content="text/html;charset=utf-8" />
  <meta name='ocr-system' content='tesseract 3.04.00' />
  <meta name='ocr-capabilities' content='ocr_page ocr_carea ocr_par ocr_line ocrx_word'/>
</head>
<body>
  <div class='ocr_page' id='page_1' title='image "./analectahymnica22drevuoft_00285.png"; bbox 0 0 1651 2621; ppageno 0'>
   <div class='ocr_carea' id='block_1_1' title="bbox 727 117 984 156">
    <p class='ocr_par' dir='ltr' id='par_1_1' title="bbox 727 117 984 156">
     <span class='ocr_line' id='line_1_1' title="bbox 727 117 984 156; baseline 0 -1"><span class='ocrx_word' id='word_1_1' title='bbox 727 117 984 156; x_wconf 79' lang='lat'>—282--</span> 
     </span>
    </p>
   </div>
   <div class='ocr_carea' id='block_1_2' title="bbox 206 214 1507 465">
    <p class='ocr_par' dir='ltr' id='par_1_2' title="bbox 206 214 1507 465">
     <span class='ocr_line' id='line_1_2' title="bbox 206 214 1405 263; baseline -0.007 -8"><span class='ocrx_word' id='word_1_2' title='bbox 206 221 237 257; x_wconf 81' lang='lat'>7.</span> <span class='ocrx_word' id='word_1_3' title='bbox 263 221 335 255; x_wconf 84' lang='lat' dir='ltr'>Non</span> <span class='ocrx_word' id='word_1_4' title='bbox 359 218 447 253; x_wconf 90' lang='lat' dir='ltr'>urbis</span> <span class='ocrx_word' id='word_1_5' title='bbox 472 221 553 254; x_wconf 87' lang='lat' dir='ltr'>hanc</span> <span class='ocrx_word' id='word_1_6' title='bbox 574 219 716 263; x_wconf 78' lang='lat' dir='ltr'>seclusio,</span> <span class='ocrx_word' id='word_1_7' title='bbox 883 220 913 252; x_wconf 84' lang='lat'>8.</span> <span class='ocrx_word' id='word_1_8' title='bbox 939 217 1054 259; x_wconf 87' lang='lat' dir='ltr'>Hujus,</span> <span class='ocrx_word' id='word_1_9' title='bbox 1080 224 1256 259; x_wconf 79' lang='lat' dir='ltr'>precamur,</span> <span class='ocrx_word' id='word_1_10' title='bbox 1282 214 1405 249; x_wconf 75' lang='lat' dir='ltr'>meritis</span> 
     </span>
     <span class='ocr_line' id='line_1_3' title="bbox 265 264 1352 312; baseline -0.006 -9"><span class='ocrx_word' id='word_1_11' title='bbox 265 270 390 312; x_wconf 82' lang='lat' dir='ltr'>Carcer,</span> <span class='ocrx_word' id='word_1_12' title='bbox 417 268 527 305; x_wconf 85' lang='lat' dir='ltr'>fames,</span> <span class='ocrx_word' id='word_1_13' title='bbox 552 270 663 311; x_wconf 86' lang='lat' dir='ltr'>metus,</span> <span class='ocrx_word' id='word_1_14' title='bbox 691 266 779 299; x_wconf 82' lang='lat' dir='ltr'>furor</span> <span class='ocrx_word' id='word_1_15' title='bbox 941 266 1061 306; x_wconf 87' lang='lat' dir='ltr'>Culpae</span> <span class='ocrx_word' id='word_1_16' title='bbox 1082 265 1194 297; x_wconf 86' lang='lat' dir='ltr'>solutis</span> <span class='ocrx_word' id='word_1_17' title='bbox 1218 264 1352 297; x_wconf 84' lang='lat' dir='ltr'>vinculis</span> 
     </span>
     <span class='ocr_line' id='line_1_4' title="bbox 263 312 1371 357; baseline -0.005 -8"><span class='ocrx_word' id='word_1_18' title='bbox 263 317 332 349; x_wconf 85' lang='lat' dir='ltr'>Nec</span> <span class='ocrx_word' id='word_1_19' title='bbox 355 318 544 357; x_wconf 77' lang='lat' dir='ltr'>separarunt</span> <span class='ocrx_word' id='word_1_20' title='bbox 567 315 671 347; x_wconf 84' lang='lat' dir='ltr'>omnia</span> <span class='ocrx_word' id='word_1_21' title='bbox 940 315 1082 346; x_wconf 85' lang='lat' dir='ltr'>Aeterna</span> <span class='ocrx_word' id='word_1_22' title='bbox 1107 313 1204 345; x_wconf 82' lang='lat' dir='ltr'>(lones</span> <span class='ocrx_word' id='word_1_23' title='bbox 1228 312 1371 352; x_wconf 85' lang='lat' dir='ltr'>praemia</span> 
     </span>
     <span class='ocr_line' id='line_1_5' title="bbox 263 360 1384 407; baseline -0.005 -10"><span class='ocrx_word' id='word_1_24' title='bbox 263 365 293 397; x_wconf 88' lang='lat' dir='ltr'>A</span> <span class='ocrx_word' id='word_1_25' title='bbox 318 368 359 407; x_wconf 91' lang='lat' dir='ltr'>te,</span> <span class='ocrx_word' id='word_1_26' title='bbox 386 364 482 404; x_wconf 86' lang='lat' dir='ltr'>Deus,</span> <span class='ocrx_word' id='word_1_27' title='bbox 508 363 674 404; x_wconf 78' lang='lat' dir='ltr'>supplicia.</span> <span class='ocrx_word' id='word_1_28' title='bbox 940 362 1003 394; x_wconf 87' lang='lat' dir='ltr'>Per</span> <span class='ocrx_word' id='word_1_29' title='bbox 1027 361 1223 393; x_wconf 83' lang='lat' dir='ltr'>saeculorum</span> <span class='ocrx_word' id='word_1_30' title='bbox 1249 360 1384 393; x_wconf 83' lang='lat' dir='ltr'>saecula.</span> 
     </span>
     <span class='ocr_line' id='line_1_6' title="bbox 279 423 1507 465; baseline -0.004 -8"><span class='ocrx_word' id='word_1_31' title='bbox 279 430 387 465; x_wconf 86' lang='lat' dir='ltr'>Hymn.</span> <span class='ocrx_word' id='word_1_32' title='bbox 412 437 462 456; x_wconf 78' lang='lat' dir='ltr'>ms.</span> <span class='ocrx_word' id='word_1_33' title='bbox 488 427 635 456; x_wconf 71' lang='lat' dir='ltr'>Faffensis</span> <span class='ocrx_word' id='word_1_34' title='bbox 659 434 734 455; x_wconf 84' lang='lat' dir='ltr'>saec.</span> <span class='ocrx_word' id='word_1_35' title='bbox 762 425 835 455; x_wconf 81' lang='lat'>¹⁰1&#39;11.</span> <span class='ocrx_word' id='word_1_36' title='bbox 880 426 949 454; x_wconf 80' lang='lat' dir='ltr'>Ood.</span> <span class='ocrx_word' id='word_1_37' title='bbox 975 427 1098 454; x_wconf 83' lang='lat' dir='ltr'>Roman.</span> <span class='ocrx_word' id='word_1_38' title='bbox 1123 424 1185 453; x_wconf 83' lang='lat'>175.</span> <span class='ocrx_word' id='word_1_39' title='bbox 1212 425 1328 453; x_wconf 69' lang='lat' dir='ltr'>Fax-fen.</span> <span class='ocrx_word' id='word_1_40' title='bbox 1356 423 1384 452; x_wconf 90' lang='lat'>4.</span> <span class='ocrx_word' id='word_1_41' title='bbox 1409 426 1444 453; x_wconf 92' lang='lat' dir='ltr'>A.</span> <span class='ocrx_word' id='word_1_42' title='bbox 1469 442 1507 446; x_wconf 96' lang='lat'><strong>—</strong></span> 
     </span>
    </p>
   </div>
   <div class='ocr_carea' id='block_1_3' title="bbox 204 461 1508 655">
    <p class='ocr_par' dir='ltr' id='par_1_3' title="bbox 204 461 1508 571">
     <span class='ocr_line' id='line_1_7' title="bbox 207 461 1508 502; baseline -0.002 -7"><span class='ocrx_word' id='word_1_43' title='bbox 207 467 314 502; x_wconf 84' lang='lat' dir='ltr'>Hymn.</span> <span class='ocrx_word' id='word_1_44' title='bbox 334 476 387 495; x_wconf 87' lang='lat' dir='ltr'>ms.</span> <span class='ocrx_word' id='word_1_45' title='bbox 407 467 555 494; x_wconf 55' lang='lat' dir='ltr'>Farfensis</span> <span class='ocrx_word' id='word_1_46' title='bbox 579 474 654 493; x_wconf 77' lang='lat' dir='ltr'>saec.</span> <span class='ocrx_word' id='word_1_47' title='bbox 677 463 719 493; x_wconf 91' lang='grc'>11.</span> <span class='ocrx_word' id='word_1_48' title='bbox 760 465 829 493; x_wconf 79' lang='lat' dir='ltr'>Ood.</span> <span class='ocrx_word' id='word_1_49' title='bbox 848 465 983 492; x_wconf 84' lang='lat' dir='ltr'>Turieen.</span> <span class='ocrx_word' id='word_1_50' title='bbox 1003 464 1132 493; x_wconf 79' lang='lat' dir='ltr'>Rhe-nov.</span> <span class='ocrx_word' id='word_1_51' title='bbox 1153 461 1199 492; x_wconf 64' lang='lat'>83.</span> <span class='ocrx_word' id='word_1_52' title='bbox 1219 463 1253 491; x_wconf 82' lang='lat' dir='ltr'>B.</span> <span class='ocrx_word' id='word_1_53' title='bbox 1276 479 1312 483; x_wconf 97' lang='lat'>—</span> <span class='ocrx_word' id='word_1_54' title='bbox 1335 463 1360 497; x_wconf 85' lang='lat'>1,</span> <span class='ocrx_word' id='word_1_55' title='bbox 1384 461 1402 492; x_wconf 84' lang='lat'><strong>3</strong></span> <span class='ocrx_word' id='word_1_56' title='bbox 1418 464 1508 492; x_wconf 78' lang='lat' dir='ltr'>Salva</span> 
     </span>
     <span class='ocr_line' id='line_1_8' title="bbox 204 500 1504 539; baseline -0.002 -7"><span class='ocrx_word' id='word_1_57' title='bbox 204 505 263 533; x_wconf 90' lang='lat' dir='ltr'>AB.</span> <span class='ocrx_word' id='word_1_58' title='bbox 287 520 323 524; x_wconf 91' lang='lat'>—-</span> <span class='ocrx_word' id='word_1_59' title='bbox 343 502 374 539; x_wconf 82' lang='lat'>2,</span> <span class='ocrx_word' id='word_1_60' title='bbox 394 502 412 531; x_wconf 86' lang='lat'>2</span> <span class='ocrx_word' id='word_1_61' title='bbox 434 505 547 532; x_wconf 65' lang='lat' dir='ltr'>Christo</span> <span class='ocrx_word' id='word_1_62' title='bbox 568 505 599 531; x_wconf 77' lang='grc' dir='ltr'>Β.</span> <span class='ocrx_word' id='word_1_63' title='bbox 619 520 656 524; x_wconf 89' lang='lat'>—-</span> <span class='ocrx_word' id='word_1_64' title='bbox 675 502 706 535; x_wconf 83' lang='lat'>4,</span> <span class='ocrx_word' id='word_1_65' title='bbox 729 500 744 530; x_wconf 88' lang='grc'>1</span> <span class='ocrx_word' id='word_1_66' title='bbox 765 503 939 531; x_wconf 84' lang='lat' dir='ltr'>Anatholiea</span> <span class='ocrx_word' id='word_1_67' title='bbox 959 503 1019 531; x_wconf 75' lang='lat' dir='ltr'>AB.</span> <span class='ocrx_word' id='word_1_68' title='bbox 1040 518 1079 522; x_wconf 89' lang='lat'><strong>—</strong></span> <span class='ocrx_word' id='word_1_69' title='bbox 1097 500 1129 536; x_wconf 83' lang='grc'>4,</span> <span class='ocrx_word' id='word_1_70' title='bbox 1150 500 1168 529; x_wconf 84' lang='grc'><strong><em>2</em></strong></span> <span class='ocrx_word' id='word_1_71' title='bbox 1189 501 1300 537; x_wconf 84' lang='lat' dir='ltr'>pudore</span> <span class='ocrx_word' id='word_1_72' title='bbox 1318 502 1352 529; x_wconf 81' lang='lat' dir='ltr'>A.</span> <span class='ocrx_word' id='word_1_73' title='bbox 1374 516 1411 520; x_wconf 97' lang='lat'><strong>—</strong></span> <span class='ocrx_word' id='word_1_74' title='bbox 1431 501 1467 537; x_wconf 85' lang='lat'>5,</span> <span class='ocrx_word' id='word_1_75' title='bbox 1490 502 1504 530; x_wconf 88' lang='lat'>1</span> 
     </span>
     <span class='ocr_line' id='line_1_9' title="bbox 204 538 1131 571; baseline -0.004 0"><span class='ocrx_word' id='word_1_76' title='bbox 204 543 259 571; x_wconf 89' lang='lat' dir='ltr'>lies</span> <span class='ocrx_word' id='word_1_77' title='bbox 278 543 417 571; x_wconf 80' lang='lat' dir='ltr'>flamine?</span> <span class='ocrx_word' id='word_1_78' title='bbox 438 559 475 563; x_wconf 89' lang='lat'><strong>—</strong></span> <span class='ocrx_word' id='word_1_79' title='bbox 495 542 556 569; x_wconf 74' lang='lat' dir='ltr'>Aus</span> <span class='ocrx_word' id='word_1_80' title='bbox 576 542 600 569; x_wconf 87' lang='grc' dir='ltr'>Β</span> <span class='ocrx_word' id='word_1_81' title='bbox 619 542 668 569; x_wconf 84' lang='lat' dir='ltr'>bei</span> <span class='ocrx_word' id='word_1_82' title='bbox 686 541 780 568; x_wconf 77' lang='lat' dir='ltr'>Morel</span> <span class='ocrx_word' id='word_1_83' title='bbox 800 539 854 569; x_wconf 82' lang='lat'>321</span> <span class='ocrx_word' id='word_1_84' title='bbox 874 549 904 568; x_wconf 87' lang='lat' dir='ltr'>u.</span> <span class='ocrx_word' id='word_1_85' title='bbox 923 541 1047 569; x_wconf 55' lang='lat' dir='ltr'>WVerner</span> <span class='ocrx_word' id='word_1_86' title='bbox 1068 538 1131 568; x_wconf 82' lang='lat'>122.</span> 
     </span>
    </p>

    <p class='ocr_par' dir='ltr' id='par_1_4' title="bbox 632 622 1086 655">
     <span class='ocr_line' id='line_1_10' title="bbox 632 622 1086 655; baseline -0.004 0"><span class='ocrx_word' id='word_1_87' title='bbox 632 623 698 655; x_wconf 81' lang='lat'>478.</span> <span class='ocrx_word' id='word_1_88' title='bbox 727 623 771 654; x_wconf 88' lang='lat' dir='ltr'>De</span> <span class='ocrx_word' id='word_1_89' title='bbox 790 623 895 655; x_wconf 75' lang='lat' dir='ltr'>saneto</span> <span class='ocrx_word' id='word_1_90' title='bbox 916 622 1086 654; x_wconf 76' lang='lat' dir='ltr'>Victorino.</span> 
     </span>
    </p>
   </div>
   <div class='ocr_carea' id='block_1_4' title="bbox 678 690 1022 729">
    <p class='ocr_par' dir='ltr' id='par_1_5' title="bbox 678 690 1022 729">
     <span class='ocr_line' id='line_1_11' title="bbox 678 690 1022 729; baseline -0.006 -8"><span class='ocrx_word' id='word_1_91' title='bbox 678 691 713 721; x_wconf 89' lang='lat' dir='ltr'>In</span> <span class='ocrx_word' id='word_1_92' title='bbox 735 690 759 720; x_wconf 92' lang='lat'>1.</span> <span class='ocrx_word' id='word_1_93' title='bbox 780 691 868 729; x_wconf 85' lang='lat' dir='ltr'>Vesp.</span> <span class='ocrx_word' id='word_1_94' title='bbox 889 693 919 720; x_wconf 84' lang='lat' dir='ltr'>et</span> <span class='ocrx_word' id='word_1_95' title='bbox 936 690 1022 721; x_wconf 84' lang='lat' dir='ltr'>Noct.</span> 
     </span>
    </p>
   </div>
   <div class='ocr_carea' id='block_1_5' title="bbox 207 750 1480 1613">
    <p class='ocr_par' dir='ltr' id='par_1_6' title="bbox 207 750 1480 1613">
     <span class='ocr_line' id='line_1_12' title="bbox 207 750 1416 795; baseline -0.001 -11"><span class='ocrx_word' id='word_1_96' title='bbox 207 752 238 786; x_wconf 85' lang='lat'>1.</span> <span class='ocrx_word' id='word_1_97' title='bbox 263 752 380 792; x_wconf 84' lang='lat' dir='ltr'>Pange,</span> <span class='ocrx_word' id='word_1_98' title='bbox 405 752 520 795; x_wconf 85' lang='lat' dir='ltr'>lingua,</span> <span class='ocrx_word' id='word_1_99' title='bbox 547 751 675 791; x_wconf 88' lang='lat' dir='ltr'>gloriosi</span> <span class='ocrx_word' id='word_1_100' title='bbox 881 753 913 785; x_wconf 74' lang='lat'>4.</span> <span class='ocrx_word' id='word_1_101' title='bbox 939 751 1003 783; x_wconf 87' lang='lat' dir='ltr'>Per</span> <span class='ocrx_word' id='word_1_102' title='bbox 1025 750 1110 782; x_wconf 84' lang='lat' dir='ltr'>hunc</span> <span class='ocrx_word' id='word_1_103' title='bbox 1134 750 1198 783; x_wconf 85' lang='lat' dir='ltr'>fide</span> <span class='ocrx_word' id='word_1_104' title='bbox 1223 750 1416 792; x_wconf 87' lang='lat' dir='ltr'>roboratum,</span> 
     </span>
     <span class='ocr_line' id='line_1_13' title="bbox 309 797 1324 839; baseline -0.001 -8"><span class='ocrx_word' id='word_1_105' title='bbox 309 799 467 831; x_wconf 86' lang='lat' dir='ltr'>Praesulis</span> <span class='ocrx_word' id='word_1_106' title='bbox 491 799 692 839; x_wconf 86' lang='lat' dir='ltr'>praeconium</span> <span class='ocrx_word' id='word_1_107' title='bbox 987 799 1012 831; x_wconf 94' lang='lat' dir='ltr'><strong>O</strong></span> <span class='ocrx_word' id='word_1_108' title='bbox 1038 797 1116 830; x_wconf 81' lang='lat' dir='ltr'><strong>felix</strong></span> <span class='ocrx_word' id='word_1_109' title='bbox 1139 798 1324 837; x_wconf 88' lang='lat' dir='ltr'>Assissium,</span> 
     </span>
     <span class='ocr_line' id='line_1_14' title="bbox 262 845 1405 888; baseline 0.001 -11"><span class='ocrx_word' id='word_1_110' title='bbox 262 845 477 886; x_wconf 82' lang='lat' dir='ltr'>Martyrisque</span> <span class='ocrx_word' id='word_1_111' title='bbox 500 846 640 885; x_wconf 78' lang='lat' dir='ltr'>pretiosi,</span> <span class='ocrx_word' id='word_1_112' title='bbox 938 845 988 878; x_wconf 81' lang='lat' dir='ltr'>Da</span> <span class='ocrx_word' id='word_1_113' title='bbox 1012 845 1131 877; x_wconf 81' lang='lat' dir='ltr'>datoris</span> <span class='ocrx_word' id='word_1_114' title='bbox 1155 845 1260 878; x_wconf 85' lang='lat' dir='ltr'>laudis</span> <span class='ocrx_word' id='word_1_115' title='bbox 1287 846 1405 888; x_wconf 84' lang='lat' dir='ltr'>datum,</span> 
     </span>
     <span class='ocr_line' id='line_1_15' title="bbox 310 892 1398 933; baseline 0.001 -9"><span class='ocrx_word' id='word_1_116' title='bbox 310 893 376 931; x_wconf 74' lang='lat' dir='ltr'>Quo</span> <span class='ocrx_word' id='word_1_117' title='bbox 400 901 456 924; x_wconf 85' lang='lat' dir='ltr'>rex</span> <span class='ocrx_word' id='word_1_118' title='bbox 480 893 550 933; x_wconf 80' lang='lat' dir='ltr'>pius</span> <span class='ocrx_word' id='word_1_119' title='bbox 576 893 726 933; x_wconf 73' lang='lat' dir='ltr'>gentium,</span> <span class='ocrx_word' id='word_1_120' title='bbox 985 892 1096 925; x_wconf 90' lang='lat' dir='ltr'>Cordis</span> <span class='ocrx_word' id='word_1_121' title='bbox 1119 901 1230 932; x_wconf 83' lang='lat' dir='ltr'>prome</span> <span class='ocrx_word' id='word_1_122' title='bbox 1251 893 1398 933; x_wconf 79' lang='lat' dir='ltr'>jubilum,</span> 
     </span>
     <span class='ocr_line' id='line_1_16' title="bbox 264 939 1376 979; baseline 0.002 -8"><span class='ocrx_word' id='word_1_123' title='bbox 264 940 400 972; x_wconf 81' lang='lat' dir='ltr'>Fructus</span> <span class='ocrx_word' id='word_1_124' title='bbox 426 939 544 971; x_wconf 79' lang='lat' dir='ltr'>ventris</span> <span class='ocrx_word' id='word_1_125' title='bbox 568 939 720 979; x_wconf 86' lang='lat' dir='ltr'>generosi,</span> <span class='ocrx_word' id='word_1_126' title='bbox 939 940 1004 978; x_wconf 84' lang='lat' dir='ltr'>Quo</span> <span class='ocrx_word' id='word_1_127' title='bbox 1031 940 1162 972; x_wconf 87' lang='lat' dir='ltr'>ductore</span> <span class='ocrx_word' id='word_1_128' title='bbox 1182 939 1376 973; x_wconf 83' lang='lat' dir='ltr'>illustratum</span> 
     </span>
     <span class='ocr_line' id='line_1_17' title="bbox 312 987 1359 1028; baseline -0.001 -9"><span class='ocrx_word' id='word_1_129' title='bbox 312 987 457 1019; x_wconf 75' lang='lat' dir='ltr'>Illustrat</span> <span class='ocrx_word' id='word_1_130' title='bbox 480 987 644 1018; x_wconf 85' lang='lat' dir='ltr'>Assisium.</span> <span class='ocrx_word' id='word_1_131' title='bbox 984 988 1051 1020; x_wconf 88' lang='lat' dir='ltr'>Iter</span> <span class='ocrx_word' id='word_1_132' title='bbox 1075 988 1202 1020; x_wconf 84' lang='lat' dir='ltr'>scandis</span> <span class='ocrx_word' id='word_1_133' title='bbox 1228 988 1359 1028; x_wconf 85' lang='lat' dir='ltr'>regium.</span> 
     </span>
     <span class='ocr_line' id='line_1_18' title="bbox 208 1042 1466 1085; baseline 0.001 -9"><span class='ocrx_word' id='word_1_134' title='bbox 208 1045 238 1076; x_wconf 87' lang='lat'>2.</span> <span class='ocrx_word' id='word_1_135' title='bbox 264 1042 385 1074; x_wconf 86' lang='lat' dir='ltr'>Lumen</span> <span class='ocrx_word' id='word_1_136' title='bbox 407 1050 444 1074; x_wconf 85' lang='lat' dir='ltr'>ex</span> <span class='ocrx_word' id='word_1_137' title='bbox 469 1043 669 1081; x_wconf 73' lang='lat' dir='ltr'>Assyriorum</span> <span class='ocrx_word' id='word_1_138' title='bbox 880 1046 910 1076; x_wconf 78' lang='lat'>5.</span> <span class='ocrx_word' id='word_1_139' title='bbox 937 1043 1071 1083; x_wconf 59' lang='lat' dir='ltr'>Narin,</span> <span class='ocrx_word' id='word_1_140' title='bbox 1100 1044 1186 1083; x_wconf 82' lang='lat' dir='ltr'>cujus</span> <span class='ocrx_word' id='word_1_141' title='bbox 1211 1046 1260 1075; x_wconf 86' lang='lat' dir='ltr'>est</span> <span class='ocrx_word' id='word_1_142' title='bbox 1280 1045 1466 1085; x_wconf 86' lang='lat' dir='ltr'>jucundum,</span> 
     </span>
     <span class='ocr_line' id='line_1_19' title="bbox 314 1088 1330 1131; baseline 0.001 -9"><span class='ocrx_word' id='word_1_143' title='bbox 314 1088 428 1122; x_wconf 85' lang='lat' dir='ltr'>Orbem</span> <span class='ocrx_word' id='word_1_144' title='bbox 454 1089 531 1121; x_wconf 87' lang='lat' dir='ltr'>clari</span> <span class='ocrx_word' id='word_1_145' title='bbox 555 1090 668 1121; x_wconf 85' lang='lat' dir='ltr'>sideris</span> <span class='ocrx_word' id='word_1_146' title='bbox 983 1091 1106 1122; x_wconf 81' lang='lat' dir='ltr'>Nomen</span> <span class='ocrx_word' id='word_1_147' title='bbox 1129 1091 1163 1123; x_wconf 86' lang='lat' dir='ltr'>in</span> <span class='ocrx_word' id='word_1_148' title='bbox 1186 1091 1330 1131; x_wconf 82' lang='lat' dir='ltr'>ccclesia,</span> 
     </span>
     <span class='ocr_line' id='line_1_20' title="bbox 266 1135 1480 1180; baseline 0.004 -13"><span class='ocrx_word' id='word_1_149' title='bbox 266 1135 357 1168; x_wconf 83' lang='lat' dir='ltr'>Genti</span> <span class='ocrx_word' id='word_1_150' title='bbox 383 1136 496 1175; x_wconf 86' lang='lat' dir='ltr'>pandit</span> <span class='ocrx_word' id='word_1_151' title='bbox 519 1136 680 1176; x_wconf 82' lang='lat' dir='ltr'>Italorum,</span> <span class='ocrx_word' id='word_1_152' title='bbox 937 1137 1207 1180; x_wconf 85' lang='lat' dir='ltr'>Languescentem</span> <span class='ocrx_word' id='word_1_153' title='bbox 1231 1137 1305 1171; x_wconf 87' lang='lat' dir='ltr'>fove</span> <span class='ocrx_word' id='word_1_154' title='bbox 1328 1140 1480 1172; x_wconf 89' lang='lat' dir='ltr'>mundum</span> 
     </span>
     <span class='ocr_line' id='line_1_21' title="bbox 310 1183 1330 1227; baseline 0.004 -12"><span class='ocrx_word' id='word_1_155' title='bbox 310 1183 381 1215; x_wconf 82' lang='lat' dir='ltr'>Lux</span> <span class='ocrx_word' id='word_1_156' title='bbox 404 1183 529 1223; x_wconf 78' lang='lat' dir='ltr'>paterni</span> <span class='ocrx_word' id='word_1_157' title='bbox 552 1183 687 1227; x_wconf 82' lang='lat' dir='ltr'>luminis,</span> <span class='ocrx_word' id='word_1_158' title='bbox 984 1185 1121 1218; x_wconf 87' lang='lat' dir='ltr'>Coelesti</span> <span class='ocrx_word' id='word_1_159' title='bbox 1144 1185 1330 1227; x_wconf 84' lang='lat' dir='ltr'>fragrantia,</span> 
     </span>
     <span class='ocr_line' id='line_1_22' title="bbox 264 1230 1465 1273; baseline 0.003 -10"><span class='ocrx_word' id='word_1_160' title='bbox 264 1231 396 1264; x_wconf 78' lang='lat' dir='ltr'>Caecam</span> <span class='ocrx_word' id='word_1_161' title='bbox 421 1230 538 1262; x_wconf 81' lang='lat' dir='ltr'>ducens</span> <span class='ocrx_word' id='word_1_162' title='bbox 561 1230 642 1262; x_wconf 76' lang='lat' dir='ltr'>hanc</span> <span class='ocrx_word' id='word_1_163' title='bbox 666 1240 806 1262; x_wconf 81' lang='lat' dir='ltr'>errorum</span> <span class='ocrx_word' id='word_1_164' title='bbox 938 1232 1061 1264; x_wconf 82' lang='lat' dir='ltr'>Levans</span> <span class='ocrx_word' id='word_1_165' title='bbox 1083 1233 1191 1273; x_wconf 83' lang='lat' dir='ltr'>lapsos</span> <span class='ocrx_word' id='word_1_166' title='bbox 1214 1233 1248 1265; x_wconf 85' lang='lat' dir='ltr'>in</span> <span class='ocrx_word' id='word_1_167' title='bbox 1270 1233 1465 1273; x_wconf 80' lang='lat' dir='ltr'>profundum</span> 
     </span>
     <span class='ocr_line' id='line_1_23' title="bbox 308 1276 1305 1321; baseline 0.005 -12"><span class='ocrx_word' id='word_1_168' title='bbox 308 1276 361 1309; x_wconf 80' lang='lat' dir='ltr'>Ad</span> <span class='ocrx_word' id='word_1_169' title='bbox 390 1277 491 1308; x_wconf 86' lang='lat' dir='ltr'>lucem</span> <span class='ocrx_word' id='word_1_170' title='bbox 517 1277 557 1308; x_wconf 91' lang='lat' dir='ltr'>de</span> <span class='ocrx_word' id='word_1_171' title='bbox 580 1277 728 1310; x_wconf 71' lang='lat' dir='ltr'>tenebris</span> <span class='ocrx_word' id='word_1_172' title='bbox 983 1280 1040 1312; x_wconf 87' lang='lat' dir='ltr'>Pia</span> <span class='ocrx_word' id='word_1_173' title='bbox 1065 1288 1124 1319; x_wconf 88' lang='lat' dir='ltr'>per</span> <span class='ocrx_word' id='word_1_174' title='bbox 1147 1279 1305 1321; x_wconf 85' lang='lat' dir='ltr'>suffragia.</span> 
     </span>
     <span class='ocr_line' id='line_1_24' title="bbox 208 1333 1383 1378; baseline 0.004 -12"><span class='ocrx_word' id='word_1_175' title='bbox 208 1335 238 1366; x_wconf 87' lang='lat'>3.</span> <span class='ocrx_word' id='word_1_176' title='bbox 264 1334 315 1365; x_wconf 83' lang='lat' dir='ltr'>Ad</span> <span class='ocrx_word' id='word_1_177' title='bbox 341 1342 397 1365; x_wconf 92' lang='lat' dir='ltr'>nos</span> <span class='ocrx_word' id='word_1_178' title='bbox 422 1333 549 1372; x_wconf 83' lang='lat' dir='ltr'>praesul</span> <span class='ocrx_word' id='word_1_179' title='bbox 574 1334 774 1373; x_wconf 81' lang='lat' dir='ltr'>praedicator</span> <span class='ocrx_word' id='word_1_180' title='bbox 880 1336 910 1369; x_wconf 92' lang='lat'>6.</span> <span class='ocrx_word' id='word_1_181' title='bbox 938 1335 1056 1377; x_wconf 84' lang='lat' dir='ltr'>Gloria,</span> <span class='ocrx_word' id='word_1_182' title='bbox 1084 1336 1154 1368; x_wconf 82' lang='lat' dir='ltr'>laus</span> <span class='ocrx_word' id='word_1_183' title='bbox 1179 1339 1210 1369; x_wconf 85' lang='lat' dir='ltr'>ct</span> <span class='ocrx_word' id='word_1_184' title='bbox 1233 1339 1383 1378; x_wconf 66' lang='lat' dir='ltr'>maiestas</span> 
     </span>
     <span class='ocr_line' id='line_1_25' title="bbox 309 1380 1312 1426; baseline 0.005 -14"><span class='ocrx_word' id='word_1_185' title='bbox 309 1381 486 1412; x_wconf 82' lang='lat' dir='ltr'>Victorinus</span> <span class='ocrx_word' id='word_1_186' title='bbox 510 1380 655 1421; x_wconf 86' lang='lat' dir='ltr'>mittitur,</span> <span class='ocrx_word' id='word_1_187' title='bbox 983 1384 1071 1416; x_wconf 79' lang='lat' dir='ltr'>Patri</span> <span class='ocrx_word' id='word_1_188' title='bbox 1096 1384 1139 1415; x_wconf 85' lang='lat' dir='ltr'>sit,</span> <span class='ocrx_word' id='word_1_189' title='bbox 1162 1385 1312 1426; x_wconf 79' lang='lat' dir='ltr'>ingenito,</span> 
     </span>
     <span class='ocr_line' id='line_1_26' title="bbox 263 1427 1407 1473; baseline 0.005 -14"><span class='ocrx_word' id='word_1_190' title='bbox 263 1427 371 1459; x_wconf 83' lang='lat' dir='ltr'>Novae</span> <span class='ocrx_word' id='word_1_191' title='bbox 395 1427 473 1467; x_wconf 90' lang='lat' dir='ltr'>legis</span> <span class='ocrx_word' id='word_1_192' title='bbox 496 1436 594 1459; x_wconf 90' lang='lat' dir='ltr'>novus</span> <span class='ocrx_word' id='word_1_193' title='bbox 618 1428 710 1470; x_wconf 84' lang='lat' dir='ltr'>lator,</span> <span class='ocrx_word' id='word_1_194' title='bbox 938 1430 1057 1470; x_wconf 85' lang='lat' dir='ltr'>Honor,</span> <span class='ocrx_word' id='word_1_195' title='bbox 1083 1431 1183 1463; x_wconf 89' lang='lat' dir='ltr'>virtus</span> <span class='ocrx_word' id='word_1_196' title='bbox 1210 1434 1242 1463; x_wconf 78' lang='lat' dir='ltr'>et</span> <span class='ocrx_word' id='word_1_197' title='bbox 1265 1436 1407 1473; x_wconf 80' lang='lat' dir='ltr'>potestas</span> 
     </span>
     <span class='ocr_line' id='line_1_27' title="bbox 310 1473 1287 1520; baseline 0.005 -14"><span class='ocrx_word' id='word_1_198' title='bbox 310 1474 392 1506; x_wconf 86' lang='lat' dir='ltr'>Dum</span> <span class='ocrx_word' id='word_1_199' title='bbox 416 1483 475 1513; x_wconf 85' lang='lat' dir='ltr'>pro</span> <span class='ocrx_word' id='word_1_200' title='bbox 499 1473 563 1506; x_wconf 87' lang='lat' dir='ltr'>fide</span> <span class='ocrx_word' id='word_1_201' title='bbox 583 1475 726 1514; x_wconf 86' lang='lat' dir='ltr'>moritur,</span> <span class='ocrx_word' id='word_1_202' title='bbox 986 1478 1090 1509; x_wconf 81' lang='lat' dir='ltr'>Patris</span> <span class='ocrx_word' id='word_1_203' title='bbox 1115 1479 1287 1520; x_wconf 84' lang='lat' dir='ltr'>unigenito,</span> 
     </span>
     <span class='ocr_line' id='line_1_28' title="bbox 265 1521 1349 1568; baseline 0.006 -16"><span class='ocrx_word' id='word_1_204' title='bbox 265 1521 365 1553; x_wconf 84' lang='lat' dir='ltr'>Verus</span> <span class='ocrx_word' id='word_1_205' title='bbox 390 1522 492 1561; x_wconf 86' lang='lat' dir='ltr'>gregis</span> <span class='ocrx_word' id='word_1_206' title='bbox 517 1523 697 1560; x_wconf 83' lang='lat' dir='ltr'>speculator</span> <span class='ocrx_word' id='word_1_207' title='bbox 934 1524 1125 1556; x_wconf 79' lang='lat' dir='ltr'>Procedenti</span> <span class='ocrx_word' id='word_1_208' title='bbox 1149 1527 1189 1558; x_wconf 85' lang='lat' dir='ltr'>ab</span> <span class='ocrx_word' id='word_1_209' title='bbox 1215 1531 1349 1568; x_wconf 81' lang='lat' dir='ltr'>utroque</span> 
     </span>
     <span class='ocr_line' id='line_1_29' title="bbox 308 1568 1374 1613; baseline 0.008 -13"><span class='ocrx_word' id='word_1_210' title='bbox 308 1568 538 1608; x_wconf 70' lang='lat' dir='ltr'>speculumque</span> <span class='ocrx_word' id='word_1_211' title='bbox 561 1570 709 1601; x_wconf 84' lang='lat' dir='ltr'>cernitur.</span> <span class='ocrx_word' id='word_1_212' title='bbox 981 1571 1116 1611; x_wconf 82' lang='lat' dir='ltr'>Compar</span> <span class='ocrx_word' id='word_1_213' title='bbox 1140 1574 1184 1605; x_wconf 80' lang='lat' dir='ltr'>sit,</span> <span class='ocrx_word' id='word_1_214' title='bbox 1205 1575 1374 1613; x_wconf 80' lang='lat' dir='ltr'>paraclito.</span> 
     </span>
    </p>
   </div>
   <div class='ocr_carea' id='block_1_6' title="bbox 208 1632 1500 1705">
    <p class='ocr_par' dir='ltr' id='par_1_7' title="bbox 208 1632 1500 1705">
     <span class='ocr_line' id='line_1_30' title="bbox 280 1632 1500 1676; baseline 0.008 -16"><span class='ocrx_word' id='word_1_215' title='bbox 280 1633 364 1660; x_wconf 83' lang='lat' dir='ltr'>Brev.</span> <span class='ocrx_word' id='word_1_216' title='bbox 383 1641 435 1660; x_wconf 92' lang='lat' dir='ltr'>ms.</span> <span class='ocrx_word' id='word_1_217' title='bbox 450 1632 479 1660; x_wconf 82' lang='lat' dir='ltr'>S.</span> <span class='ocrx_word' id='word_1_218' title='bbox 492 1634 641 1661; x_wconf 83' lang='lat' dir='ltr'>Francisei</span> <span class='ocrx_word' id='word_1_219' title='bbox 654 1635 793 1661; x_wconf 67' lang='lat' dir='ltr'>Assisien.</span> <span class='ocrx_word' id='word_1_220' title='bbox 817 1643 892 1663; x_wconf 86' lang='lat' dir='ltr'>saec.</span> <span class='ocrx_word' id='word_1_221' title='bbox 914 1634 957 1663; x_wconf 84' lang='lat'>14.</span> <span class='ocrx_word' id='word_1_222' title='bbox 992 1636 1060 1664; x_wconf 82' lang='lat' dir='ltr'>Cod.</span> <span class='ocrx_word' id='word_1_223' title='bbox 1075 1636 1216 1666; x_wconf 82' lang='lat' dir='ltr'>Assisien.</span> <span class='ocrx_word' id='word_1_224' title='bbox 1235 1637 1293 1667; x_wconf 82' lang='lat'>426</span> <span class='ocrx_word' id='word_1_225' title='bbox 1310 1638 1357 1676; x_wconf 85' lang='lat'>(6).</span> <span class='ocrx_word' id='word_1_226' title='bbox 1377 1655 1416 1659; x_wconf 94' lang='lat'><strong>—</strong></span> <span class='ocrx_word' id='word_1_227' title='bbox 1435 1640 1459 1676; x_wconf 88' lang='lat'>1,</span> <span class='ocrx_word' id='word_1_228' title='bbox 1480 1641 1500 1670; x_wconf 90' lang='lat'>4</span> 
     </span>
     <span class='ocr_line' id='line_1_31' title="bbox 208 1668 752 1705; baseline -0.002 -7"><span class='ocrx_word' id='word_1_229' title='bbox 208 1670 298 1704; x_wconf 79' lang='lat' dir='ltr'>Quem</span> <span class='ocrx_word' id='word_1_230' title='bbox 319 1678 371 1698; x_wconf 80' lang='lat' dir='ltr'>rex</span> <span class='ocrx_word' id='word_1_231' title='bbox 388 1671 454 1705; x_wconf 79' lang='lat' dir='ltr'>pius</span> <span class='ocrx_word' id='word_1_232' title='bbox 484 1685 521 1689; x_wconf 85' lang='lat'>—</span> <span class='ocrx_word' id='word_1_233' title='bbox 542 1668 566 1704; x_wconf 90' lang='lat'>1,</span> <span class='ocrx_word' id='word_1_234' title='bbox 588 1670 604 1699; x_wconf 89' lang='grc'>6</span> <span class='ocrx_word' id='word_1_235' title='bbox 624 1671 752 1699; x_wconf 69' lang='lat' dir='ltr'>Illustra.</span> 
     </span>
    </p>
   </div>
   <div class='ocr_carea' id='block_1_7' title="bbox 637 1754 1095 1788">
    <p class='ocr_par' dir='ltr' id='par_1_8' title="bbox 637 1754 1095 1788">
     <span class='ocr_line' id='line_1_32' title="bbox 637 1754 1095 1788; baseline 0.004 -4"><span class='ocrx_word' id='word_1_236' title='bbox 637 1754 705 1785; x_wconf 84' lang='lat'>479.</span> <span class='ocrx_word' id='word_1_237' title='bbox 734 1754 778 1785; x_wconf 88' lang='lat' dir='ltr'>De</span> <span class='ocrx_word' id='word_1_238' title='bbox 799 1755 905 1786; x_wconf 76' lang='lat' dir='ltr'>sancto</span> <span class='ocrx_word' id='word_1_239' title='bbox 926 1755 1095 1788; x_wconf 79' lang='lat' dir='ltr'>Victorino.</span> 
     </span>
    </p>
   </div>
   <div class='ocr_carea' id='block_1_8' title="bbox 205 1821 1505 2408">
    <p class='ocr_par' dir='ltr' id='par_1_9' title="bbox 205 1821 1505 2408">
     <span class='ocr_line' id='line_1_33' title="bbox 755 1821 947 1852; baseline 0 -2"><span class='ocrx_word' id='word_1_240' title='bbox 755 1821 801 1851; x_wconf 86' lang='lat' dir='ltr'>Ad</span> <span class='ocrx_word' id='word_1_241' title='bbox 820 1821 947 1852; x_wconf 79' lang='lat' dir='ltr'>Laudes.</span> 
     </span>
     <span class='ocr_line' id='line_1_34' title="bbox 210 1878 1461 1922; baseline 0.01 -12"><span class='ocrx_word' id='word_1_242' title='bbox 210 1879 236 1911; x_wconf 92' lang='lat' dir='ltr'>l.</span> <span class='ocrx_word' id='word_1_243' title='bbox 263 1878 417 1911; x_wconf 81' lang='lat' dir='ltr'>Victorini</span> <span class='ocrx_word' id='word_1_244' title='bbox 444 1878 636 1911; x_wconf 87' lang='lat' dir='ltr'>confidentes</span> <span class='ocrx_word' id='word_1_245' title='bbox 882 1883 912 1915; x_wconf 85' lang='lat'>3.</span> <span class='ocrx_word' id='word_1_246' title='bbox 936 1882 1029 1917; x_wconf 86' lang='lat' dir='ltr'>Hunc</span> <span class='ocrx_word' id='word_1_247' title='bbox 1053 1885 1196 1918; x_wconf 86' lang='lat' dir='ltr'>ardentis</span> <span class='ocrx_word' id='word_1_248' title='bbox 1221 1896 1283 1919; x_wconf 91' lang='lat' dir='ltr'>non</span> <span class='ocrx_word' id='word_1_249' title='bbox 1310 1890 1461 1922; x_wconf 86' lang='lat' dir='ltr'>cremavit</span> 
     </span>
     <span class='ocr_line' id='line_1_35' title="bbox 309 1925 1337 1975; baseline 0.011 -19"><span class='ocrx_word' id='word_1_250' title='bbox 309 1925 467 1957; x_wconf 77' lang='lat' dir='ltr'>Virtutum</span> <span class='ocrx_word' id='word_1_251' title='bbox 492 1926 639 1967; x_wconf 83' lang='lat' dir='ltr'>prodigia</span> <span class='ocrx_word' id='word_1_252' title='bbox 984 1930 1137 1964; x_wconf 84' lang='lat' dir='ltr'>Fornacis</span> <span class='ocrx_word' id='word_1_253' title='bbox 1162 1935 1337 1975; x_wconf 84' lang='lat' dir='ltr'>succensio,</span> 
     </span>
     <span class='ocr_line' id='line_1_36' title="bbox 263 1973 1505 2019; baseline 0.01 -13"><span class='ocrx_word' id='word_1_254' title='bbox 263 1973 379 2006; x_wconf 80' lang='lat' dir='ltr'>Caecos</span> <span class='ocrx_word' id='word_1_255' title='bbox 404 1977 515 2005; x_wconf 86' lang='lat' dir='ltr'>sanant</span> <span class='ocrx_word' id='word_1_256' title='bbox 542 1976 574 2004; x_wconf 83' lang='lat' dir='ltr'>et</span> <span class='ocrx_word' id='word_1_257' title='bbox 597 1975 780 2015; x_wconf 84' lang='lat' dir='ltr'>languentes</span> <span class='ocrx_word' id='word_1_258' title='bbox 939 1977 1019 2010; x_wconf 86' lang='lat' dir='ltr'>Nam</span> <span class='ocrx_word' id='word_1_259' title='bbox 1037 1988 1127 2018; x_wconf 86' lang='lat' dir='ltr'>quem</span> <span class='ocrx_word' id='word_1_260' title='bbox 1142 1980 1285 2014; x_wconf 85' lang='lat' dir='ltr'>Christus</span> <span class='ocrx_word' id='word_1_261' title='bbox 1303 1987 1505 2019; x_wconf 83' lang='lat' dir='ltr'>conservavit</span> 
     </span>
     <span class='ocr_line' id='line_1_37' title="bbox 306 2020 1321 2074; baseline 0.012 -23"><span class='ocrx_word' id='word_1_262' title='bbox 306 2020 481 2062; x_wconf 82' lang='lat' dir='ltr'>Expellunt</span> <span class='ocrx_word' id='word_1_263' title='bbox 505 2022 679 2060; x_wconf 81' lang='lat' dir='ltr'>daemonia,</span> <span class='ocrx_word' id='word_1_264' title='bbox 983 2025 1075 2059; x_wconf 87' lang='lat' dir='ltr'>Foris</span> <span class='ocrx_word' id='word_1_265' title='bbox 1100 2028 1140 2059; x_wconf 85' lang='lat' dir='ltr'>ab</span> <span class='ocrx_word' id='word_1_266' title='bbox 1165 2030 1321 2074; x_wconf 84' lang='lat' dir='ltr'>incendio,</span> 
     </span>
     <span class='ocr_line' id='line_1_38' title="bbox 261 2066 1371 2119; baseline 0.011 -21"><span class='ocrx_word' id='word_1_267' title='bbox 261 2066 361 2099; x_wconf 83' lang='lat' dir='ltr'>Sanos</span> <span class='ocrx_word' id='word_1_268' title='bbox 377 2068 526 2112; x_wconf 80' lang='lat' dir='ltr'>reddunt,</span> <span class='ocrx_word' id='word_1_269' title='bbox 552 2077 684 2108; x_wconf 76' lang='lat' dir='ltr'>quorum</span> <span class='ocrx_word' id='word_1_270' title='bbox 699 2073 821 2103; x_wconf 81' lang='lat' dir='ltr'>mentes</span> <span class='ocrx_word' id='word_1_271' title='bbox 938 2072 1032 2105; x_wconf 80' lang='lat' dir='ltr'>Coxit</span> <span class='ocrx_word' id='word_1_272' title='bbox 1052 2074 1139 2107; x_wconf 85' lang='lat' dir='ltr'>intus</span> <span class='ocrx_word' id='word_1_273' title='bbox 1166 2079 1196 2108; x_wconf 89' lang='lat' dir='ltr'>et</span> <span class='ocrx_word' id='word_1_274' title='bbox 1219 2080 1371 2119; x_wconf 79' lang='lat' dir='ltr'>purgavit</span> 
     </span>
     <span class='ocr_line' id='line_1_39' title="bbox 309 2114 1241 2158; baseline 0.011 -12"><span class='ocrx_word' id='word_1_275' title='bbox 309 2114 435 2147; x_wconf 86' lang='lat' dir='ltr'>Evertit</span> <span class='ocrx_word' id='word_1_276' title='bbox 457 2115 590 2151; x_wconf 84' lang='lat' dir='ltr'>insania.</span> <span class='ocrx_word' id='word_1_277' title='bbox 984 2121 1079 2154; x_wconf 84' lang='lat' dir='ltr'>Fidei</span> <span class='ocrx_word' id='word_1_278' title='bbox 1105 2123 1241 2158; x_wconf 87' lang='lat' dir='ltr'>devotio.</span> 
     </span>
     <span class='ocr_line' id='line_1_40' title="bbox 205 2171 1505 2221; baseline 0.012 -19"><span class='ocrx_word' id='word_1_279' title='bbox 205 2171 236 2202; x_wconf 86' lang='lat'>2.</span> <span class='ocrx_word' id='word_1_280' title='bbox 263 2171 363 2204; x_wconf 84' lang='lat' dir='ltr'>Caeco</span> <span class='ocrx_word' id='word_1_281' title='bbox 388 2174 462 2204; x_wconf 86' lang='lat' dir='ltr'>nato</span> <span class='ocrx_word' id='word_1_282' title='bbox 488 2172 573 2213; x_wconf 87' lang='lat' dir='ltr'>sputi</span> <span class='ocrx_word' id='word_1_283' title='bbox 596 2173 663 2206; x_wconf 87' lang='lat' dir='ltr'>luto</span> <span class='ocrx_word' id='word_1_284' title='bbox 880 2178 912 2209; x_wconf 88' lang='lat'>4.</span> <span class='ocrx_word' id='word_1_285' title='bbox 938 2176 1011 2210; x_wconf 82' lang='lat' dir='ltr'>Non</span> <span class='ocrx_word' id='word_1_286' title='bbox 1025 2180 1073 2210; x_wconf 88' lang='lat' dir='ltr'>est</span> <span class='ocrx_word' id='word_1_287' title='bbox 1085 2180 1223 2220; x_wconf 81' lang='lat' dir='ltr'>morbuS,</span> <span class='ocrx_word' id='word_1_288' title='bbox 1239 2190 1331 2221; x_wconf 89' lang='lat' dir='ltr'>quem</span> <span class='ocrx_word' id='word_1_289' title='bbox 1340 2192 1403 2216; x_wconf 87' lang='lat' dir='ltr'>non</span> <span class='ocrx_word' id='word_1_290' title='bbox 1415 2189 1505 2218; x_wconf 84' lang='lat' dir='ltr'>curet</span> 
     </span>
     <span class='ocr_line' id='line_1_41' title="bbox 309 2218 1434 2274; baseline 0.014 -25"><span class='ocrx_word' id='word_1_291' title='bbox 309 2218 387 2250; x_wconf 89' lang='lat' dir='ltr'>Frui</span> <span class='ocrx_word' id='word_1_292' title='bbox 413 2219 502 2251; x_wconf 88' lang='lat' dir='ltr'>dedit</span> <span class='ocrx_word' id='word_1_293' title='bbox 520 2220 638 2252; x_wconf 88' lang='lat' dir='ltr'>lumine</span> <span class='ocrx_word' id='word_1_294' title='bbox 985 2226 1047 2258; x_wconf 83' lang='lat' dir='ltr'>Per</span> <span class='ocrx_word' id='word_1_295' title='bbox 1068 2226 1153 2261; x_wconf 84' lang='lat' dir='ltr'>hunc</span> <span class='ocrx_word' id='word_1_296' title='bbox 1177 2228 1298 2262; x_wconf 83' lang='lat' dir='ltr'>Christi</span> <span class='ocrx_word' id='word_1_297' title='bbox 1322 2232 1434 2274; x_wconf 75' lang='lat' dir='ltr'>gratia,</span> 
     </span>
     <span class='ocr_line' id='line_1_42' title="bbox 261 2265 1401 2312; baseline 0.013 -15"><span class='ocrx_word' id='word_1_298' title='bbox 261 2265 306 2297; x_wconf 82' lang='lat' dir='ltr'>Et</span> <span class='ocrx_word' id='word_1_299' title='bbox 330 2266 520 2306; x_wconf 80' lang='lat' dir='ltr'>quinquenni</span> <span class='ocrx_word' id='word_1_300' title='bbox 544 2267 650 2308; x_wconf 89' lang='lat' dir='ltr'>lingua</span> <span class='ocrx_word' id='word_1_301' title='bbox 673 2272 760 2302; x_wconf 86' lang='lat' dir='ltr'>muto</span> <span class='ocrx_word' id='word_1_302' title='bbox 939 2272 974 2304; x_wconf 86' lang='lat' dir='ltr'>Si</span> <span class='ocrx_word' id='word_1_303' title='bbox 999 2275 1132 2306; x_wconf 80' lang='lat' dir='ltr'>curandi</span> <span class='ocrx_word' id='word_1_304' title='bbox 1157 2285 1212 2309; x_wconf 86' lang='lat' dir='ltr'>cor</span> <span class='ocrx_word' id='word_1_305' title='bbox 1237 2278 1401 2312; x_wconf 83' lang='lat' dir='ltr'>comburet</span> 
     </span>
     <span class='ocr_line' id='line_1_43' title="bbox 309 2312 1287 2358; baseline 0.013 -14"><span class='ocrx_word' id='word_1_306' title='bbox 309 2312 413 2345; x_wconf 89' lang='lat' dir='ltr'>Verbo</span> <span class='ocrx_word' id='word_1_307' title='bbox 437 2314 524 2347; x_wconf 81' lang='lat' dir='ltr'>laxat</span> <span class='ocrx_word' id='word_1_308' title='bbox 548 2314 675 2357; x_wconf 87' lang='lat' dir='ltr'>famine,</span> <span class='ocrx_word' id='word_1_309' title='bbox 986 2321 1080 2353; x_wconf 85' lang='lat' dir='ltr'>Fidei</span> <span class='ocrx_word' id='word_1_310' title='bbox 1109 2325 1287 2358; x_wconf 82' lang='lat' dir='ltr'>constantia</span> 
     </span>
     <span class='ocr_line' id='line_1_44' title="bbox 264 2359 1425 2408; baseline 0.016 -17"><span class='ocrx_word' id='word_1_311' title='bbox 264 2359 495 2401; x_wconf 76' lang='lat' dir='ltr'>Naufragantes</span> <span class='ocrx_word' id='word_1_312' title='bbox 519 2366 614 2403; x_wconf 86' lang='lat' dir='ltr'>portu</span> <span class='ocrx_word' id='word_1_313' title='bbox 637 2367 704 2397; x_wconf 86' lang='lat' dir='ltr'>tuto</span> <span class='ocrx_word' id='word_1_314' title='bbox 937 2360 1180 2403; x_wconf 61' lang='lat' dir='ltr'>Effsanandum</span> <span class='ocrx_word' id='word_1_315' title='bbox 1200 2381 1263 2405; x_wconf 91' lang='lat' dir='ltr'>non</span> <span class='ocrx_word' id='word_1_316' title='bbox 1287 2374 1425 2408; x_wconf 88' lang='lat' dir='ltr'>obduret</span> 
     </span>
    </p>
   </div>
   <div class='ocr_carea' id='block_1_9' title="bbox 310 2408 1309 2456">
    <p class='ocr_par' dir='ltr' id='par_1_10' title="bbox 310 2408 1309 2456">
     <span class='ocr_line' id='line_1_45' title="bbox 310 2408 1309 2456; baseline 0.016 -17"><span class='ocrx_word' id='word_1_317' title='bbox 310 2408 417 2441; x_wconf 81' lang='lat' dir='ltr'>Strato</span> <span class='ocrx_word' id='word_1_318' title='bbox 441 2410 525 2442; x_wconf 82' lang='lat' dir='ltr'>sistit</span> <span class='ocrx_word' id='word_1_319' title='bbox 548 2419 696 2451; x_wconf 86' lang='lat' dir='ltr'>aequore.</span> <span class='ocrx_word' id='word_1_320' title='bbox 986 2417 1095 2450; x_wconf 81' lang='lat' dir='ltr'>Tarda</span> <span class='ocrx_word' id='word_1_321' title='bbox 1120 2418 1309 2456; x_wconf 83' lang='lat' dir='ltr'>diffidentia.</span> 
     </span>
    </p>
   </div>
  </div>
 </body>
</html>
